4254 5536
870 374 888 387 ·ι
900 366 946 389 aul·
955 341 1156 402 ''muz''
1167 363 1228 385 §.UD
1239 362 1259 383 h
1268 366 1286 383 ἰ
1325 368 1367 383 ιη.

317 609 382 675 hrt.
397 613 427 669 l.
468 602 597 668 Termini
616 601 730 681 quidam
750 621 768 664 e
787 600 865 665 Solis
884 600 1113 664 coordinatarum
1133 603 1276 666 valoribus
1297 604 1435 687 originem
1456 605 1601 668 trahentes
1621 603 1711 684 expli·
1743 545 1809 609 pag·

376 715 494 779 cantur,
524 699 572 778 qui
599 698 630 760 in
656 709 740 760 motu
758 699 858 762 Lunae
877 697 1017 761 terminos
1038 700 1187 777 proferunt
1207 700 1331 778 tempori
1349 701 1404 778 ipsi
1424 713 1454 764 et
1471 702 1610 781 temporis
1628 711 1712 781 pote·

378 800 498 863 statibus
517 794 758 876 proportionales.
799 795 860 872 Qui
879 794 995 857 termini
1014 794 1044 856 in
1063 797 1162 858 Lunae
1182 796 1292 860 theoria
1312 797 1426 858 admitti
1443 810 1563 877 possunt
1630 840 1639 861 .
1701 839 1712 860 .
1771 805 1811 859 50

319 923 384 986 Art.
399 931 428 984 8.
467 915 722 980 Considerationes
741 917 896 980 nonnullae
915 915 1062 1000 generales
1082 917 1119 978 de
1134 903 1336 995 aequationum
1349 929 1510 980 nostrarum
1523 916 1714 1003 integratione

376 1014 598 1096 praemittuntur
645 1055 654 1074 .
715 1060 725 1081 .
772 1028 777 1050 t
786 1056 1712 1084 ..............
1771 1022 1811 1074 tt1

317 1141 394 1202 hrtt.
416 1142 540 1199 9-11.
582 1131 747 1196 Relationes
768 1133 922 1196 nonnullae
942 1133 1108 1218 generales,
1133 1153 1206 1212 quae
1233 1132 1327 1197 locum
1347 1133 1473 1209 habent,
1499 1135 1713 1212 quomodocun-

377 1254 432 1312 que
452 1229 612 1293 sunctiones
633 1230 798 1292 arbitrariae
819 1233 867 1310 Λζ
886 1243 971 1309 atque
992 1233 1039 1311 ,Ξζ
1059 1230 1302 1306 determinantur,
1324 1230 1496 1292 evolvuntur
1561 1275 1572 1297 .
1633 1278 1641 1295 .
1703 1275 1713 1294 .
1771 1237 1813 1292 hd

317 1357 381 1418 Art.
396 1361 446 1416 12.
486 1353 511 1413 F
512 1350 694 1413 unctionibus
714 1351 806 1414 adhuc
825 1350 980 1415 arbitrariis
1000 1355 1049 1433 Λζ
1066 1364 1152 1430 atque
1172 1353 1220 1431 Ξζ
1236 1351 1349 1414 valores
1369 1349 1569 1429 simplicissimi
1588 1350 1712 1413 attribu·

376 1435 483 1522 untur,
511 1469 569 1526 quo
589 1449 693 1509 sactum
715 1458 777 1524 est,
803 1459 836 1511 ut
856 1449 1087 1527 perturbationes
1106 1448 1292 1531 longitudinis
1312 1446 1484 1532 longitudini
1503 1468 1588 1510 verae
1606 1448 1715 1510 adden·

376 1546 428 1607 dae
450 1544 519 1608 sint.
559 1544 645 1621 Quae
663 1545 852 1611 assumtiones
873 1568 931 1609 uon
950 1546 1073 1635 amplius
1093 1546 1263 1608 evolvuntur
1348 1586 1713 1615 ......
1773 1549 1815 1606 et

317 1668 396 1731 hrtt.
417 1674 562 1728 13-15.
603 1665 782 1729 Functiones
797 1667 914 1728 eaedem
935 1666 973 1727 ita
994 1664 1235 1742 determinantur,
1261 1642 1541 1745 ut'perturhstiones
1561 1664 1716 1750 longitndi-

377 1761 421 1824 nis
441 1763 479 1825 ad
499 1761 707 1845 longitudinem
726 1762 850 1825 mediam
869 1763 1017 1826 addendae
1038 1764 1107 1826 sint.
1147 1763 1299 1840 Quaedam
1319 1762 1374 1826 huc
1387 1762 1571 1844 pertinentia,
1591 1762 1627 1827 iis
1641 1783 1714 1844 quae

378 1871 462 1920 antea
484 1860 519 1920 de
540 1859 593 1920 hoc
612 1868 782 1941 argumento
802 1860 909 1939 protuli
923 1858 1110 1943 generaliora,
1131 1859 1314 1938 explicantur.
1342 1854 1519 1922 Arbitrariae
1531 1855 1610 1923 enim
1624 1854 1714 1940 quan·
1786 1918 1787 1921 ,

377 1956 476 2017 titates
497 1968 555 2017 tres
576 1956 611 2030 d,
633 1955 649 2034 ξ
669 1967 754 2033 atque
774 1979 795 2040 η
816 1956 847 2016 in
867 1956 994 2018 formulis
1015 1957 1237 2018 introducuntur
1276 2000 1713 2025 .......
1773 1959 1814 2014 02

317 2077 397 2144 Artt.
419 2081 560 2140 18-19.
596 2076 630 2135 ln
643 2076 809 2138 methodum
822 2074 1022 2158 aequatiouum
1033 2075 1263 2140 differentialium
1278 2076 1507 2157 perturbationes
1526 2075 1713 2161 longitudinis

376 2174 486 2273 mediae
499 2171 717 2257 logarithmique
726 2172 929 2237 radiitectoris
937 2172 1181 2253 suppeditandum
1194 2174 1426 2258 integrandamm
1434 2175 1555 2236 ulterius
1564 2173 1716 2252 inquiritur
1774 2175 1814 2234 88

318 2298 383 2362 Art.
405 2302 456 2356 20.
495 2291 669 2357 Arbitrariae
691 2292 768 2373 M
787 2306 873 2372 atque
894 2317 914 2378 η
934 2294 974 2355 ita
995 2293 1239 2371 determinantur,
1258 2305 1292 2357 ut
1312 2307 1408 2358 motus
1429 2293 1540 2358 medius
1559 2294 1716 2358 anomaliae

261 2400 269 2407 ”
377 2386 489 2453 mediae
507 2389 675 2452 observatus
695 2401 726 2451 et
746 2388 942 2453 excentricitas
962 2390 1129 2453 adiumento
1148 2391 1292 2455 formulae»
1307 2413 1378 2472 pure
1399 2391 1538 2470 ellipticae
1559 2412 1595 2451 ex
1616 2391 1716 2453 obser·

339 2503 340 2509 ’
376 2499 444 2551 vato
463 2485 588 2550 maximo
608 2487 786 2567 aequationis
807 2487 900 2552 centri
918 2487 1042 2551 termino
1063 2500 1225 2573 computata
1245 2485 1440 2573 computandis
1454 2485 1715 2566 perturbationibus
1749 2506 1756 2512 ·

378 2576 865 2664 superstruendisunt'fs.
925 2632 935 2653 .
998 2631 1008 2652 .
1069 2629 1078 2650 .
1141 2630 1149 2647 .
1210 2630 1220 2650 .
1282 2629 1290 2646 .
1351 2630 1361 2651 .
1421 2627 1432 2649 .
1494 2630 1504 2652 .
1565 2626 1575 2644 .
1636 2621 1718 2651 ..-

319 2706 399 2772 Arta.
415 2710 558 2769 21-24.
598 2703 645 2764 De
664 2703 926 2781 perturbationibus
947 2703 1113 2793 ipsarump
1133 2715 1163 2764 et
1183 2726 1212 2788 p.
1264 2702 1414 2765 Inclinatio
1435 2715 1535 2765 mutua
1554 2715 1583 2765 et
1603 2701 1718 2781 quanti·

379 2798 454 2862 tates
475 2798 548 2860 duae
568 2819 595 2880 φ
614 2810 701 2876 atque
720 2807 752 2877 ψ’
766 2821 801 2860 ex
820 2798 977 2866 orbitarum
998 2799 1075 2861 Solis
1098 2812 1127 2862 et
1146 2801 1245 2861 Lunae
1265 2798 1349 2861 nodis
1370 2799 1521 2879 reciprocis
1536 2798 1715 2878 potissimum

314 2959 315 2962 ,
378 2895 538 2977 pendentes
558 2895 588 2957 in
609 2895 739 2958 formulis
759 2895 891 2959 omnihus
911 2895 1141 2959 introducuntur.
1191 2896 1363 2959 Ostenditur
1382 2897 1527 2975 quomodo
1545 2896 1664 2959 termini
1682 2917 1717 2958 ex

305 3036 308 3042 ,
377 2991 560 3054 inclinatione
588 3004 688 3055 mutua
716 2995 874 3073 pendentes
903 3004 934 3054 et
955 2985 991 3053 in
1011 2992 1197 3075 integralibus
1217 3013 1270 3074 per
1290 3004 1402 3075 tempus
1421 2992 1515 3073 ipsum
1536 2990 1716 3074 multiplicati

377 3089 440 3150 tolli
460 3089 581 3167 possint.
604 3091 708 3167 Quae
727 3089 879 3153 methodus
899 3089 1071 3152 incommodi
1090 3091 1156 3168 qnid
1177 3089 1264 3152 habet

320 3212 387 3278 Art.
408 3218 458 3274 25.
498 3212 598 3273 Novae
618 3210 793 3289 quantitates
814 3213 855 3286 P,
879 3211 1010 3296 Qatque
1031 3214 1072 3275 K
1086 3212 1148 3272 loco
1168 3212 1204 3286 Ι,
1226 3233 1252 3295 φ
1273 3223 1358 3290 atque
1378 3219 1404 3290 ψ
1424 3212 1646 3290 introducuntur
1707 3258 1717 3280 .

321 3309 387 3401 hrt.
408 3313 458 3373 28.
497 3308 697 3371 Theorematis
717 3307 862 3370 cuiusdam
883 3305 945 3368 noti
966 3306 1172 3386 simplicissima
1193 3308 1401 3373 demonstratio
1421 3311 1506 3372 datur
1564 3356 1572 3373 .
1634 3349 1643 3368 ·
1706 3357 1715 3376 .

321 3428 399 3492 arat.
419 3433 458 3488 2¹¹1
480 3439 510 3489 et
530 3436 581 3492 28.
622 3432 656 3491 ln
677 3427 843 3491 methodum
863 3428 1084 3507 aequationum,
1111 3449 1183 3509 quae
1202 3428 1278 3508 ipsas
1299 3430 1350 3507 P,
1374 3431 1506 3509 Qatque
1527 3429 1565 3492 K
1580 3427 1714 3508 suppedi-

275 3555 281 3567 ·
380 3535 460 3598 tant,
488 3523 720 3608 integrandamnr
748 3524 911 3603 inquiritur.
961 3527 1057 3603 Quem
1087 3525 1117 3586 iu
1142 3526 1229 3587 linem
1250 3525 1445 3586 consideratur
1462 3523 1609 3610 problema
1628 3526 1715 3587 trium

379 3640 531 3699 corporum
551 3622 702 3704 generale,
723 3623 804 3686 cuius
822 3645 905 3686 casos
924 3623 1055 3702 specialis
1071 3624 1170 3684 Lunae
1190 3620 1301 3682 theoria
1321 3621 1401 3699 ponit
1423 3665 1715 3689 .....
1767 3622 1770 3629 ’

282 3810 290 3822 ,
322 3741 401 3804 Arar.
420 3747 460 3802 29
480 3723 580 3808 etto.
603 3740 785 3829 -Explicatur
804 3743 1079 3819 quomodo-valores
1098 3741 1223 3820 ipsarum
1242 3763 1266 3826 p
1286 3754 1371 3820 atque
1391 3767 1421 3830 q,
1441 3763 1458 3805 e
1479 3742 1581 3821 quibus
1596 3739 1717 3802 latitudo

379 3837 480 3899 Lunae
498 3837 682 3915 reductioque
702 3837 764 3901 eius
784 3838 968 3920 longitudinis
988 3839 1020 3900 in
1037 3838 1129 3901 orbita
1149 3861 1177 3918 u,
1199 3839 1236 3900 ad
1255 3839 1371 3917 planum
1392 3838 1575 3918 proiectionis
1586 3858 1638 3899 seu
1650 3838 1714 3900 han·

382 3932 543 4011 damentale
564 3933 670 4012 pendet
677 3979 688 4009 ,
709 3953 750 4010 er¹
764 3933 891 3999 inventis
908 3933 1034 4011 ipsarum
1053 3940 1149 4013 (ωας,
1169 3938 1216 4013 lr,
1238 3935 1283 4016 S,
1304 3937 1345 4012 P,
1369 3937 1401 4015 Q,
1415 3948 1501 4014 atque
1521 3938 1562 3999 K
1574 3934 1717 3997 valoribus

385 4028 567 4109 computandi
595 4028 664 4096 sint.
713 4030 896 4106 Quantitates
920 4053 946 4115 p
966 4041 1051 4106 atque
1070 4053 1090 4116 q
1110 4030 1140 4090 in
1160 4030 1228 4091 alias
1244 4054 1278 4116 p,
1300 4043 1385 4109 atque
1404 4056 1431 4119 q,
1445 4033 1602 4097 ¹denotatas
1622 4044 1717 4095 trans·

381 4126 552 4189 formantur.
591 4125 746 4189 Methodus
766 4148 839 4189 nova
859 4125 1029 4205 exponitur,
1049 4147 1104 4204 qua
1125 4126 1311 4204 aequationes
1330 4149 1383 4207 pro
1401 4151 1432 4214 p,
1454 4139 1540 4207 atque
1560 4153 1586 4215 p,
1611 4129 1649 4190 ita
1670 4128 1715 4187 in·

305 4260 307 4265 >
384 4231 549 4303 tegrantur,
581 4234 616 4284 nt
643 4220 752 4284 orbitae
778 4225 886 4298 Lunae¹
905 4221 1050 4292 inclinatio
1063 4222 1105 4287 ‚ad
1126 4222 1444 4301 planumproiectionls
1463 4244 1648 4304 quaecunque
1666 4241 1712 4285 re·

383 4330 509 4394 maneat,
531 4330 561 4382 et
581 4317 696 4404 termini
716 4339 768 4398 per
786 4331 900 4399 tempus
919 4320 1013 4397 ipsum
1033 4318 1212 4410 multiplicati
1231 4341 1297 4393 non¹
1309 4320 1448 4404 oriantur
1497 4371 1506 4387 .
1567 4367 1576 4386 .
1634 4363 1645 4384 .
1704 4361 1714 4383 .
1753 4325 1813 4380 101

285 4491 288 4496 A
327 4437 405 4500 Artt.
427 4444 466 4496 31
488 4448 517 4498 et
537 4447 586 4505 32.
628 4436 792 4502 Relationes
807 4435 884 4498 inter
899 4450 1062 4510 constantes
1082 4439 1244 4502 arbitrarias
1265 4443 1498 4520 praecedentibus
1517 4437 1714 4520 integrationi-

387 4532 439 4596 hns
460 4532 632 4597 introductas
647 4535 808 4616 ,existentes
826 4543 857 4608 et
878 4533 978 4618 harum
998 4535 1189 4600 constantium
1206 4535 1424 4621 significationes
1444 4535 1650 4620 investigantur
1702 4532 1713 4604 .'
1753 4541 1813 4597 11³
