4254 5536
891 282 926 371 θ

155 499 254 595 atate,
279 514 315 574 et
340 503 466 599 figuras
492 502 743 596 superficierum
767 512 947 594 corporum
970 497 1094 569 horum
1118 522 1139 568 a
1161 521 1197 568 se
1219 498 1361 568 invicem
1380 496 1648 592 independenter

156 650 240 719 etto,
264 631 447 726 integratio
471 628 622 725 integra,
646 652 748 718 quam
771 626 971 718 tramine,
997 628 1035 696 in
1057 634 1110 694 tot
1133 625 1373 717 integrationes
1398 624 1553 716 duplices
1579 621 1649 691 dis-

154 757 322 846 tribuitur,
346 764 430 847 quot
452 755 553 825 biuao
576 754 841 825 combinationes
850 768 1085 845 ,corporum
1069 748 1210 836 adsunt,
1241 749 1308 817 et
1297 770 1374 841 rpsa
1396 750 1418 816 t
1442 773 1484 818 ex
1506 748 1651 817 totidem

155 883 304 953 tonnhis
330 880 507 970 constat,
497 903 533 951 ιιι
556 878 677 969 mbas
700 899 837 969 quoque
860 877 1137 972 integrationesa
1158 873 1363 946 seinvicem
1380 872 1665 966 independeutca
1738 890 1741 895 ·

155 1015 243 1078 runt.
292 1009 467 1081 Habemus
490 1006 593 1099 igitur
618 1001 764 1092 denique

426 1202 574 1277 ²²²2
627 1192 1125 1357 Ve-aso-
883 1277 1146 1350 -ηιιιι-τι

156 1403 216 1475 ubi
240 1407 374 1500 signum
398 1407 436 1476 Σ
456 1409 503 1478 ad
525 1407 623 1478 binas
648 1426 842 1500 corporum
852 1425 908 1491 m,
935 1396 991 1491 ιη’,
1001 1395 1080 1488 ·’,ηι
1112 1410 1177 1471 etc.
1210 1401 1473 1472 combinationes
1505 1400 1656 1471 referen-

157 1563 240 1635 dum
263 1573 331 1654 est,
357 1566 407 1635 ita
430 1574 470 1636 ut
495 1589 547 1636 ex.
571 1588 624 1659 gr.
652 1564 806 1658 signum
810 1562 847 1631 Σ
869 1561 1092 1652 quantitatem
1114 1559 1136 1631 λ
1160 1584 1322 1632 ex—
1227 1522 1322 1608 (”“-’-’
1347 1562 1497 1632 terminis
1522 1567 1666 1629 cousta-

157 1746 195 1795 re
219 1724 365 1814 indicet,
401 1727 533 1817 quoties
559 1748 715 1794 numerus
741 1746 922 1817 corporum
947 1731 998 1792 est
1021 1743 1055 1790 η.
1107 1722 1286 1808 Quantitas
1311 1722 1347 1790 Σ
1369 1681 1435 1821 (-
1398 1691 1470 1839 de),
1484 1743 1571 1812 quae
1584 1719 1658 1813 pri

157 1896 234 1945 mae
258 1876 451 1966 aequationi
475 1874 533 1965 (7)
557 1877 663 1962 inest,
702 1874 858 1967 designat
887 1874 998 1966 ipsam
1028 1874 1231 1967 irespectu
1256 1873 1473 1942 coordinatae
1498 1864 1519 1955 ξ
1540 1869 1661 1965 puncti

158 2001 318 2090 utriusque
341 2023 472 2070 massae
496 2022 533 2068 m
558 1998 851 2068 differentiandam
876 2023 949 2068 esse
975 2007 1009 2067 et
1033 2009 1113 2092 post
1138 1999 1455 2068 differentiationenr
1475 1998 1565 2066 hanc
1578 2019 1660 2090 per-

158 2133 269 2192 actam
293 2127 480 2214 quotientes
507 2125 752 2195 differentiales
777 2146 894 2192 omues
919 2122 1094 2192 addendos
1120 2148 1202 2194 esse.
1253 2123 1368 2209 Quum
1391 2147 1472 2192 vero
1498 2122 1662 2191 differen-

159 2280 316 2348 tiationes
340 2280 413 2397 irae¹
434 2282 477 2348 ab
500 2283 790 2372 integrationibus‚
804 2257 1107 2383 'quasipostulat
1131 2282 1400 2377 independentes
1426 2283 1502 2368 sint,
1528 2281 1565 2349 Σ
1579 2239 1661 2399 (Ξ)

161 2429 264 2498 etiam
288 2427 458 2498 obtinetur
484 2426 742 2496 differentiando
768 2430 878 2520 ipsam
902 2429 923 2494 i
947 2437 1104 2520 respectu
1127 2434 1342 2501 coordinatae
1368 2426 1389 2513 ξ
1409 2436 1529 2524 puncti
1550 2435 1663 2502 cuius-

158 2554 210 2624 vis
244 2553 395 2646 corporis
425 2574 463 2620 m
494 2552 564 2621 sive
589 2560 671 2645 post
693 2552 935 2646 integrationes
960 2562 1115 2644 peractas
1149 2554 1218 2622 sivo
1243 2557 1304 2624 sub
1331 2557 1428 2648 signo
1462 2558 1662 2649 integratio-

933 2669 965 2722 di

160 2713 225 2784 uis.
272 2711 366 2782 Hinc
390 2710 592 2782 concludere
616 2711 712 2791 licet,
746 2712 825 2779 loco
850 2709 886 2777 Σ
908 2681 989 2829 (ᾖ
1015 2712 1053 2779 in
1075 2712 1187 2804 prima
1218 2716 1419 2805 aequatione
1445 2713 1503 2806 (7)
1530 2715 1680 2829 simplis

162 2872 245 2942 citer
271 2830 352 2988 (Ξ)
377 2874 606 2966 pomposae,
647 2871 830 2941 dummodo
862 2872 1017 2962 quotiens
1052 2870 1284 2943 differentialis
1308 2873 1369 2943 hic
1395 2856 1437 2944 ex
1462 2858 1679 2964 aequatione·

163 3029 221 3122 (8)
246 3037 470 3124 computetur.
521 3028 677 3118 Denique
701 3030 803 3099 facile
826 3031 1031 3130 inteiligitur
1053 3031 1232 3101 terminum
1263 3032 1300 3100 Σ
1321 2992 1373 3139 ἓξ
1395 3056 1433 3102 m
1456 3035 1586 3128 primae
1604 3058 1663 3104 ae-

163 3188 330 3279 quatiouis
357 3187 415 3277 (7)
441 3189 477 3258 ἰιι
502 3194 668 3287 integrale
729 3148 780 3297 {is}
811 3190 881 3260 dm
914 3214 978 3283 per
1011 3200 1119 3289 totam
1158 3215 1304 3262 massam
1341 3215 1378 3261 m
1417 3194 1664 3264 extendendum

164 3338 268 3408 abire.
326 3337 441 3423 Quum
474 3343 692 3430 aequatioues
717 3342 874 3430 ¹reliquae
905 3338 963 3430 (7)
995 3341 1288 3413 transmutationes
1320 3344 1482 3437 analogas
1515 3345 1552 3413 in
1586 3324 1677 3415 casa

164 3480 266 3555 quem
290 3463 538 3536 consideramus
563 3469 752 3583 patiantur,
786 3467 949 3537 habemus
974 3465 1052 3535 ioco
1078 3488 1191 3535 earum

349 3570 1694 3820 sitam-<osd'om-e>stam-c>²
1824 3728 1831 3739 -

344 3860 716 4040 {iamst-
636 3873 766 4053 (ἴε),
719 3853 1182 4042 ),[Ξ-ζ”ἀη.-.-(”)
1072 3867 1203 4051 (ἦ),
1270 3856 1605 4048 -ξῖαηεζξ-ζ)

611 4094 675 4156 etc
1123 4089 1186 4150 etc.

167 4228 204 4298 in
229 4224 349 4319 quibus
373 4250 442 4299 non
465 4234 573 4302 minus
598 4258 700 4326 quam
723 4235 759 4303 in
784 4232 983 4325 aequatione
1008 4228 1072 4339 (8)
1091 4221 1127 4319 ξ,
1159 4251 1201 4324 η,
1235 4228 1272 4318 ζ,
1305 4228 1518 4325 coordinatas
1548 4194 1685 4325 puncti¹

169 4351 312 4422 οιιίιιειίι
337 4355 489 4449 corporis
513 4378 567 4445 m,
591 4349 636 4444 ξ,
657 4353 709 4454 η’,
736 4352 764 4447 ξ
773 4409 783 4448 ,
809 4358 1021 4428 coordinatas
1046 4356 1166 4451 puncti
1191 4355 1334 4425 cuiusvis
1360 4356 1510 4447 corporis
1534 4351 1600 4447 ιη’,
1632 4368 1675 4451 ot¹

169 4477 218 4548 ric
241 4499 364 4570 porro,
396 4478 578 4570 denotant,
609 4504 698 4572 quac
721 4485 938 4556 coordinatae
961 4504 1079 4555 omues
1104 4482 1270 4578 originem
1293 4477 1434 4551 eandem
1457 4481 1687 4554 arbitrariam.

168 4598 305 4673 habent.
374 4600 377 4605 ’

1609 1260 1615 1311 ;
1664 1189 1788 1283 .,....(8)

1690 3840 1751 3861 ......
1756 3789 1814 3882 (a)
