4254 5536
181 561 322 631 habetur

180 870 270 941 unde

180 1143 363 1212 denotante
387 1140 409 1211 ic
434 1142 611 1229 terminum
636 1136 773 1208 omnino
800 1140 1009 1206 constantem
1032 1133 1069 1202 in
1092 1134 1209 1205 valore
1233 1134 1337 1228 ipsius
1363 1132 1412 1220 Κ,
1437 1135 1535 1205 sicuti
1558 1140 1625 1205 iam
1649 1137 1684 1205 in

180 1275 241 1336 art.
265 1263 325 1343 25.
351 1267 571 1337 definivimus.
1182 1237 1186 1245 ¹
1664 1252 1666 1257 ⁴

897 1483 956 1554 28.

277 1643 332 1712 Ex
371 1642 502 1733 analysi
539 1646 601 1708 art.
637 1661 750 1732 praec.
792 1641 996 1707 emerserunt
1035 1633 1167 1705 ratores
1207 1635 1357 1727 ipsarum
1390 1631 1441 1721 P,
1484 1634 1534 1731 Q,
1573 1634 1630 1723 Κ,
1664 1660 1697 1734 α,

180 1776 215 1838 et
246 1790 270 1861 η
304 1768 342 1835 iu
373 1766 665 1860 approximatione
698 1764 809 1858 prima
847 1763 883 1832 in
913 1762 1167 1852 aequatiouibus
1199 1757 1283 1851 (50)
1324 1761 1561 1843 substituendi;
1610 1762 1687 1851 qui-

179 1894 241 1963 bua
289 1893 475 1962 substitutis
515 1898 549 1960 et
589 1889 868 1982 integrationibus
907 1888 1074 1980 peractis,
1128 1887 1263 1956 termini
1299 1909 1365 1980 per
1401 1897 1535 1979 tempus
1573 1887 1687 1979 ipsum

179 2017 396 2109 multiplicati
436 2017 516 2084 oriri
553 2037 623 2084 non
660 2024 820 2107 possunt,
859 2015 939 2105 quia
970 2013 1159 2082 arbitrariae
1193 2035 1216 2080 α
1248 2022 1282 2081 et
1312 2036 1335 2105 η
1366 2014 1415 2081 ita
1450 2013 1687 2083 determinari-

180 2165 274 2226 mus,
307 2150 345 2209 ut
374 2141 414 2207 hi
446 2142 578 2207 termini
611 2141 814 2208 evanuerint.
864 2139 1005 2208 Valores
1030 2161 1111 2207 vero
1135 2139 1285 2230 ipsarum
1309 2136 1360 2224 P,
1393 2136 1486 2234 Qet
1509 2136 1565 2222 K,
1602 2157 1687 2226 quos

180 2264 243 2331 tali
273 2262 377 2331 modo
409 2266 656 2355 approximatio
678 2264 798 2355 ‘prima
831 2264 1080 2355 suppeditabit,
1119 2265 1206 2332 veris
1233 2286 1347 2332 earum
1377 2262 1545 2332 valoribus
1578 2263 1687 2355 magis
1787 2239 1791 2242 ‚

182 2390 477 2483 appropinquant,
520 2396 555 2456 et
586 2389 623 2456 in
653 2389 945 2481 approximatione
970 2389 1117 2458 secunda
1142 2388 1365 2479 substituendi
1390 2394 1478 2458 sunt
1528 2389 1607 2474 Quo
1631 2388 1687 2456 fa·

182 2553 274 2615 ctum
308 2546 388 2634 erit,
426 2555 465 2616 ut
496 2548 532 2616 in
566 2547 819 2637 aequationibus
851 2505 987 2650 prodff}²
1018 2555 1054 2616 et
1090 2505 1298 2651 {fremui
1337 2555 1528 2616 constantes
1571 2547 1688 2616 orituri

181 2696 265 2780 s'mt,
304 2695 363 2785 qui
399 2704 481 2788 post
516 2696 758 2790 integrationes
791 2702 948 2786 peractas
986 2697 1146 2765 terminos
1180 2720 1245 2790 per
1278 2704 1413 2789 tempus
1446 2697 1561 2789 ipsum
1595 2697 1687 2765 mul·

179 2819 352 2912 tiplioatos
392 2822 557 2913 prodant,
597 2823 656 2912 qui
694 2840 775 2890 vero
806 2819 956 2904 termini,
997 2818 1121 2889 additis
1155 2822 1304 2892 terminis
1336 2822 1549 2892 correctionis
1581 2820 1689 2910 (rodo

183 2953 217 3012 et
248 2941 356 3037 (πύθη
387 2966 478 3035 resp.
512 2946 556 3012 ad
589 2945 676 3033 (n)c
710 2955 745 3014 et
777 2942 883 3037 (π)η,
925 2954 960 3012 et
991 2942 1220 3016 determinatis
1253 2946 1297 3015 dc
1328 2958 1363 3016 et
1394 2948 1437 3042 δη
1472 2951 1521 3016 ita
1552 2955 1591 3016 nt
1616 2954 1686 3016 ter-

182 3102 264 3171 mini
303 3101 342 3169 hi
379 3109 569 3170 constantes
609 3102 647 3170 in
685 3102 979 3194 approximatione
1019 3103 1166 3174 secunda
1205 3127 1247 3174 ex
1277 3106 1529 3196 aequatiouibus
1553 3064 1689 3212 prot-¹:

184 3268 218 3330 et
230 3220 280 3367 {Iis
293 3261 411 3329 orituri
425 3270 644 3347 evanescant,
668 3261 854 3344 tol'iuutur3
886 3270 922 3330 et
942 3261 990 3330 sic
1010 3283 1114 3354 porro
1135 3264 1171 3329 in
1199 3264 1545 3356 approximationibus
1570 3265 1688 3336 subse·

183 3412 374 3503 quentibus.
417 3408 566 3480 calculis
589 3411 693 3504 igitur
714 3414 851 3481 omniuo
878 3411 1051 3498 absolutis,
1076 3410 1121 3499 P,
1150 3410 1234 3508 Qet
1247 3410 1458 3482 Kterminos
1476 3437 1540 3506 per
1554 3422 1689 3508 tempus

182 3539 294 3632 ipsum
327 3537 570 3629 multiplicatos
600 3558 669 3605 non
700 3538 940 3624 continebunt,
979 3544 1012 3606 ot
1045 3559 1067 3606 α
1099 3546 1202 3626 atque
1232 3561 1256 3632 η
1287 3539 1463 3608 habebunt
1493 3540 1629 3610 naiores
1652 3541 1690 3610 iu

183 3672 245 3733 art.
270 3686 383 3754 praec.
407 3663 579 3750 inventos,
605 3664 724 3753 quibus
749 3685 835 3731 vero.
852 3661 987 3734 termini
1012 3685 1032 3731 e
1056 3663 1220 3758 quadrato
1243 3666 1535 3758 potestatibusque
1560 3665 1690 3733 altiori·
1757 3670 1759 3672 ’

184 3787 247 3857 bus
266 3790 317 3856 vis
344 3789 570 3880 perturbantis
596 3788 783 3883 pendentes
810 3786 1019 3856 accesserint
1062 3788 1257 3858 Notandum
1279 3799 1330 3859 est
1349 3790 1520 3876 terminos,
1546 3789 1589 3858 de
1613 3792 1688 3880 qui·

183 3947 246 4018 bus
266 3946 374 4016 locuti
397 3969 520 4036 sumus,
546 3948 760 4018 solummodo
783 3952 824 4017 e'r
844 3944 1098 4038 aequatiouibus
1123 3969 1189 4040 pro
1214 3907 1258 4052 (ἐξ
1281 3955 1316 4016 et
1339 3907 1390 4055 ‘ff
1408 3948 1579 4031 tollendos
1605 3971 1688 4035 esse,

183 4107 219 4175 in
244 4107 443 4195 aequatione
468 4109 557 4175 enim
580 4130 645 4200 pro
671 4066 714 4213 {g

729 4105 877 4175 termini
906 4104 991 4173 tales
1026 4105 1106 4173 oriri
1130 4115 1318 4196 nequeunt,
1350 4106 1386 4175 id
1399 4078 1505 4197 >quod
1528 4107 1687 4203 percal-

171 4255 298 4326 ¹culum
320 4256 611 4347 praeparatorium
635 4267 696 4327 art.
722 4281 835 4352 praec.
862 4254 1046 4325 effecimus.

283 4381 381 4466 Quae
405 4381 441 4450 in
461 4383 739 4474 praecedentibus
765 4385 809 4454 de
833 4377 1086 4472 aequatiouibus
1111 4374 1194 4469 (50)
1227 4380 1458 4465 disseruimus,
1493 4381 1590 4451 nulle·
1615 4382 1689 4452 iere

185 4508 371 4577 mutatione
402 4509 494 4578 iacta
525 4508 571 4578 ad
601 4506 815 4598 aequationes
848 4504 951 4597 (49),
993 4527 1080 4594 quae
1104 4506 1286 4596 praecipue
1312 4504 1356 4572 ad
1381 4504 1547 4577 theoriam
1570 4507 1690 4578 Lunae

188 4672 360 4757 spectant,
392 4667 561 4763 applicari
583 4672 735 4763 possunt.
786 4664 827 4734 in
849 4665 904 4737 his
929 4661 1181 4755 aequatiouibus
1206 4660 1365 4732 terminus
1390 4637 1432 4768 ἓ,
1453 4685 1478 4754 μ
1506 4664 1544 4734 in
1572 4665 1687 4736 termi-

1129 4782 1243 4861 113
