4254 5536
181 1163 184 1167 '
332 1154 452 1242 quibus
480 1154 750 1246 expressionibus
775 1152 811 1220 in
835 1148 953 1218 valore
975 1147 1231 1240 praecedenti
1220 1150 1328 1242 rpsius
1353 1147 1399 1218 Fr
1423 1149 1632 1232 substitutis,
1658 1153 1804 1243 emergit

948 1289 1165 1457 θεά-(ξίν)

1015 1598 1166 1715 :aad

1015 1686 1165 1768 “dc
1245 1785 1255 1805 1

1793 1812 1844 1877 ιιι

433 1841 525 1910 Hinc
564 1841 756 1935 colligitur,
794 1841 888 1910 ad
851 1864 990 1952 ipsam
1028 1865 1052 1911 z
1091 1842 1288 1912 immediate
1327 1864 1368 1910 ex
1401 1843 1618 1934 expressione
1649 1841 1758 1931 ipsius
1782 1883 1856 1958 Π

332 1987 368 2070 iu
392 2010 453 2068 art.
479 2022 595 2094 praec.
621 2002 702 2070 data
727 2001 947 2087 eliciendam,
983 2002 1236 2097 expressionem
1265 1999 1356 2068 hauc
1388 2001 1538 2092 primum
1562 2003 1755 2090 respectu
1745 2004 1854 2094 rpsius

1546 2150 1554 2166 ·
1602 2116 1670 2184 du)

333 2161 347 2218 t
369 2152 606 2245 integrandam
632 2174 725 2237 esse,
758 2153 812 2219 cui
838 2151 996 2244 integrali
1021 2161 1194 2242 tamquam
1220 2160 1376 2220 constans
1402 2149 1578 2218 arbitrarra
1601 2190 1670 2263 ’dz'
1698 2152 1854 2237 addatur,

299 1480 423 1556 wunde
502 1516 505 1520 ·

244 2326 252 2342 ⁸
334 2337 468 2424 deinde,
493 2344 623 2406 mutata
646 2338 722 2403 tin
744 2342 769 2419 t,
794 2336 946 2404 valorem
971 2337 1077 2428 ipsius
1105 2305 1198 2452 (ἐξ)
1234 2338 1304 2405 hoc
1338 2335 1444 2404 modo
1468 2335 1644 2402 inventum
1667 2337 1703 2403 in
1728 2322 1855 2427 aequa'·

335 2499 427 2565 tione
453 2495 511 2584 (6)
539 2496 810 2566 substituendum
837 2519 928 2582 esse,
964 2518 983 2563 e
1009 2519 1077 2585 qua
1102 2498 1249 2585 denique
1273 2497 1385 2588 ipsam
1408 2515 1449 2579 z,
1484 2494 1711 2585 integratione
1735 2520 1854 2590 respe-

283 2626 294 2728 ἶ
334 2629 391 2689 ctu
416 2621 524 2713 ipsius
551 2627 567 2687 t
590 2613 714 2690 iterum
738 2597 897 2713 peracta,
934 2593 1084 2690 elicitum
1108 2625 1169 2709 iri,
1204 2622 1260 2690 cui
1283 2643 1362 2689 vera
1388 2602 1545 2686 constans
1571 2618 1736 2708 addatur,
1770 2647 1857 2713 quae
1901 2684 1902 2689 ,

187 2760 190 2769 ’
334 2745 421 2815 nihil
446 2745 540 2813 alind
566 2755 617 2813 est
642 2769 744 2835 quam
769 2756 925 2814 constans
953 2746 1005 2834 (c)
1033 2745 1233 2823 inart.15·
1260 2747 1429 2815 Sectionis
1456 2744 1625 2814 secundae
1650 2748 1854 2831 introducta,

333 2893 421 2959 quae
447 2869 651 2941 anomaliam
676 2871 825 2939 mediam
850 2872 1014 2963 temporis
1041 2872 1197 2964 epochae
1221 2872 1496 2967 respondentem
1511 2872 1660 2940 denotat.

433 2994 488 3062 Ex
514 2993 635 3064 eodem
659 3016 742 3065 vero
766 2997 909 3065 articulo
932 2996 1079 3067 habetur
1119 2987 1122 2992 ’

635 3137 1364 3304 &kereas->seut

334 3376 540 3464 (secundum
564 3386 626 3445 ort.
640 3371 701 3451 20.
719 3378 810 3450 Sect
826 3379 871 3448 11.
898 3380 989 3450 euim
1012 3381 1048 3449 in
1073 3390 1168 3450 motu
1194 3381 1313 3450 Lunae
1339 3385 1495 3455 statuitur
1517 3379 1663 3473 ηεξ-ιι),
1690 3381 1747 3448 ubi
1774 3381 1850 3448 bre-

335 3502 447 3572 vitatis
475 3525 592 3575 caussa
616 3505 718 3596 posui

532 3695 637 3764 A:
658 3650 1070 3833 ι-οοειιιιιιει
1203 3687 1276 3700 ”

531 3899 638 3969 B:
693 3858 1034 4040 stcosmac
1010 3903 1099 3995 cre)
1118 3801 1630 4038 ξθ-ὀοειιιιιιιιιιει
1579 3898 1666 3997 ιι

332 4093 392 4161 obi
415 4092 469 4194 (ρ)
497 4103 532 4162 et
558 4094 620 4186 (ᾧ)
645 4095 874 4166 functiones
863 4100 971 4189 rpsius
998 4092 1067 4184 (ζ)
1094 4102 1192 4181 suut,
1224 4117 1314 4183 quae
1337 4097 1415 4186 ipsa
1439 4095 1606 4165 functio
1595 4099 1703 4188 rpsius
1729 4093 1751 4178 ξ
1774 4119 1854 4166 cen—

331 4212 437 4286 senda
461 4228 521 4288 est
572 4220 747 4290 Habemus
779 4223 900 4315 igitur,
936 4223 965 4290 si
997 4221 1098 4291 tertia
1123 4220 1321 4310 stultiores
1347 4221 1455 4314 ipsius
1481 4215 1501 4303 ξ
1522 4224 1711 4319 potestates
1738 4223 1851 4312 negli-

329 4353 464 4434 guntur,

723 4501 731 4507 -
828 4439 1285 4623 staefford
1386 4472 1390 4479 “

827 4651 1000 4758 ιι.-.-ιι,
