4254 5536
891 325 970 416 m

521 575 613 620 o:
636 532 1310 636 m‘wsiuisinl-l-m'w'sini'siuil

352 772 355 777 Ι
520 697 612 743 o:
636 694 711 739 mw
729 669 807 739 sini
826 661 921 741 cosi
947 660 991 760 -l-
1016 657 1109 732 m'w'
1129 655 1318 736 sinicosll

172 829 205 895 in
236 827 357 916 quibus
388 825 420 909 i,
452 819 487 909 l,
521 817 542 891 a*
574 831 675 911 atque
707 813 732 894 l
766 819 809 888 ad
841 817 1023 912 planum
1046 812 1317 884 invariabile
1342 821 1507 903 spectant
1558 811 1597 876 ln
1622 785 1675 877 liis

170 950 309 1039 quidem
341 949 495 1018 formulis
527 946 661 1016 termini
693 944 847 1013 nonnulli
872 939 997 1011 ordinis
1023 938 1180 1028 quadrati
1202 937 1254 1005 vis
1278 936 1504 1028 perturbantis
1529 937 1677 1028 neglecti

171 1083 267 1162 sunt,
299 1096 386 1163 quae
416 1094 496 1141 vero
529 1070 699 1164 neglectio
733 1068 802 1137 hoc
833 1070 927 1153 loco,
965 1066 1024 1133 ubi
1055 1088 1124 1133 non
1157 1065 1221 1133 nisi
1246 1060 1379 1129 termini
1405 1053 1448 1128 oti
1472 1061 1597 1129 ordinis
1622 1083 1676 1127 re-

172 1207 290 1290 spectu
315 1200 364 1268 vis
389 1197 615 1292 perturbantis
640 1196 676 1263 in
701 1195 868 1262 calerdum
892 1199 1070 1276 vocantur,
1104 1191 1228 1259 nullius
1253 1188 1414 1257 momenti
1447 1195 1506 1254 est.
1564 1185 1678 1271 Quum

171 1324 255 1391 sini
287 1334 321 1392 et
352 1318 441 1392 sini
476 1343 610 1413 semper
648 1320 715 1387 siut
745 1320 949 1410 quantitates
983 1316 1167 1408 positivae,
1208 1322 1243 1382 et
1275 1312 1415 1380 directio
1455 1322 1564 1379 motus
1603 1332 1677 1378 eor-

170 1470 292 1540 porum
323 1469 360 1515 m
392 1459 427 1516 et
450 1443 495 1513 m'
523 1446 643 1517 eadem
668 1451 896 1537 supponatur,
922 1440 1137 1530 aequatioues
1162 1437 1405 1533 praecedentes
1432 1437 1679 1506 subministrant

170 1573 232 1642 bas

828 1787 915 1867 l:
942 1784 967 1865 l
993 1784 1038 1883 -1-
1065 1790 1156 1866 180·

172 1970 312 2037 quarum
337 1950 503 2041 posterior
528 1955 693 2016 monstrat
717 1968 790 2016 esse
815 1942 940 2051 debere

771 2093 798 2164 I
817 2120 864 2159 =
888 2093 903 2160 ἰ
926 2090 971 2186 †
996 2085 1018 2158 ἶ
1057 2144 1060 2155 r

174 2246 264 2314 Hinc
289 2244 505 2338 adipiscimur

511 2384 1147 2462 siuizsiulcosi-eoslsinr‘
1204 2365 1206 2369 ⁵

483 2511 592 2587 sin²I
612 2543 657 2583 =
684 2508 780 2587 sin²i
803 2513 848 2611 -l-
874 2508 1043 2609 sin²t⁴'†
1069 2508 1391 2587 2sinisins⁴cos1

174 2729 193 2770 e
218 2725 303 2793 qua,
342 2703 514 2771 eliminato
547 2697 638 2771 sini'
663 2725 732 2796 ope
756 2703 879 2771 valoris
904 2701 955 2770 sui
979 2674 1048 2804 ἐξ·
1069 2700 1121 2769 sin
1138 2699 1168 2783 i,
1194 2698 1306 2769 evadit

540 2928 601 2945 ,,
875 2858 1116 2932 'numi

523 2950 600 2997 smr
624 2951 675 2991 =
701 2951 1320 3078 m

174 3138 209 3195 et
234 3124 355 3194 eodem
381 3102 486 3194 modo
508 3126 675 3193 invenitur

167 3524 265 3591 -quae
289 3499 474 3584 formulae,
499 3498 687 3571 substitutis
712 3501 780 3592 (ti,
810 3496 888 3593 (ἶ),
922 3500 990 3593 (1.)
1016 3527 1107 3598 resp.
1134 3505 1212 3572 loco
1236 3501 1266 3587 i,
1299 3495 1320 3568 ἶ
1328 3551 1339 3588 ,
1375 3498 1412 3586 I,
1445 3521 1522 3569 cum
1545 3523 1685 3592 praecor

177 3625 333 3695 dentibus
360 3626 510 3717 ipsarum
535 3627 586 3696 sin
611 3626 656 3718 (a)
683 3636 717 3696 et
742 3629 798 3697 siu
818 3622 873 3719 (ἴ.)
897 3629 1066 3698 valoribus
1090 3629 1196 3721 plane
1220 3637 1419 3720 congruunt.
1468 3626 1608 3716 ltaque,
1633 3627 1684 3694 fa-

177 3760 233 3818 cta
258 3750 398 3834 on,
422 3752 600 3842 planum
624 3752 896 3822 invariabile
921 3757 1028 3824 evasit
1049 3756 1192 3849 planum
1204 3752 1468 3839 fundamentale,
1493 3751 1685 3823 undecon-
1830 3819 1836 3825 .

178 3874 325 3944 cluditur
357 3875 392 3942 Γ
423 3900 497 3945 osse
528 3863 783 3945 inclinationem
806 3878 927 3970 plani
951 3879 1231 3952 invariabilis
1255 3902 1370 3950 versus
1396 3880 1544 3973 planum
1561 3879 1685 3950 funda-

178 4001 325 4071 mentale
351 4000 421 4069 sive
444 4003 594 4093 ipsarum
618 4023 687 4094 ay,
1502 4084 1503 4089 ἵ

98 4124 101 4132 “
222 4200 225 4205 ,
276 4125 407 4213 Quibus
439 4126 577 4218 positis,
610 4129 859 4209 consideremus
885 4130 1016 4201 valeres
1040 4134 1191 4225 ipsarum
1209 4156 1249 4227 p,
1275 4141 1311 4200 et
1329 4127 1376 4227 ρ’,
1399 4134 1437 4199 in
1460 4155 1538 4203 casu
1563 4136 1692 4223 quos

178 4251 282 4325 cifrae
306 4250 459 4341 aequalis
481 4273 551 4322 nou
575 4262 635 4322 est.
685 4255 879 4340 Habemus,
905 4255 1007 4344 iacta¹
1020 4263 1035 4321 t
1049 4279 1094 4316 =
1114 4275 1153 4342 o,
1177 4255 1309 4327 valores
1333 4257 1509 4351 generales
1535 4260 1598 4330 hos

523 4425 562 4500 t
594 4400 1301 4498 :masaa-0..„÷,4„

520 4520 1306 4633 p',=aint⁴sin.(2'-7-o‘-rrt'†o-k)·
1437 4585 1440 4591 .
1715 4521 1772 4538 ''''''
1778 4468 1870 4557 (69)

180 4691 215 4746 et
239 4674 389 4751 valorem
413 4681 515 4775 primi
540 4699 673 4767 aarum,
698 4700 724 4748 a·
742 4679 778 4749 vi
800 4681 1021 4773 perturbanti
1037 4679 1316 4776 mdopeudentis,
1341 4683 1472 4757 termini
1498 4684 1599 4758 bunc
