4254 5536
319 530 512 616 'dationem
550 550 618 617 qua
644 525 808 610 efficitur,
842 530 881 591 nt
912 521 1129 590 coordimtae
1152 521 1268 589 statim
1291 522 1526 591 iniunctione
1557 521 1727 614 explicite.
1741 529 1832 593 tent·

323 656 417 748 poris
444 654 723 735 determinentur,
750 657 784 716 et
809 670 877 736 qua
901 646 1001 713 simul
1025 646 1240 715 incommoda
1264 645 1325 712 illa
1349 657 1554 717 amoventur.

425 781 466 848 ln
489 775 768 870 praecedentibus
794 773 1034 865 supposuimus
1061 794 1102 858 a,
1127 769 1168 860 b,
1196 794 1231 856 c,
1255 793 1289 857 e,
1304 768 1346 862 s,
1371 793 1499 864 gesse
1524 781 1716 845 constantes
1740 771 1833 840 arbi-

325 905 441 972 trariae
466 902 690 994 integratione
716 897 952 987 aequationum
979 895 1061 986 (18)
1086 899 1122 965 in
1147 897 1417 989 expressionibus
1432 900 1583 992 ipsarum
1607 919 1644 987 a,
1667 921 1705 989 y,
1731 919 1753 967 z
1777 899 1831 966 in·

324 1031 506 1098 troductas.
567 1026 639 1094 Sed
670 1023 834 1117 perfacile
864 1023 1068 1115 intelligitur
1100 1024 1333 1092 conclusiones
1364 1025 1609 1118 praecedentes
1635 1047 1772 1111 omnes,
1799 1030 1835 1092 et

323 1155 410 1223 iuter
442 1155 505 1221 has
538 1152 736 1219 nominatim
771 1151 986 1239 aequationes
1013 1146 1114 1237 (24),
1149 1149 1263 1216 locum
1288 1171 1423 1239 quoque
1448 1148 1592 1235 habere,
1628 1150 1657 1219 si
1682 1170 1716 1237 a,
1742 1146 1774 1237 b,
1802 1168 1834 1235 c,

323 1302 360 1364 e,
375 1278 423 1373 s,
448 1301 478 1372 g
503 1279 693 1347 functiones
719 1297 938 1366 quaecunque
963 1283 1075 1342 essent
1100 1275 1326 1343 constantium
1360 1274 1623 1362 arbitrariarum,
1659 1299 1741 1365 quas
1774 1273 1830 1342 irr-

322 1403 470 1495 tegratio
496 1403 556 1470 illa
581 1425 697 1470 revera
722 1400 963 1468 introduxerat.
1021 1399 1075 1468 sit
1100 1401 1133 1468 Λ
1157 1401 1287 1469 functio
1313 1400 1481 1492 quaedam
1496 1401 1721 1468 coustantium
1739 1420 1774 1486 a,
1790 1378 1833 1488 b,

324 1537 405 1615 etc,
430 1537 503 1595 tum
529 1529 728 1617 aequatione
753 1527 840 1593 iuter
864 1529 898 1593 A
922 1536 1023 1616 atque
1049 1548 1091 1613 a,
1119 1523 1156 1611 b,
1182 1546 1221 1612 c,
1255 1534 1318 1594 etc.
1342 1535 1500 1618 respectu
1524 1526 1709 1595 constantis
1736 1523 1833 1594 unius

326 1677 357 1722 e.
382 1678 416 1745 g.
443 1663 600 1745 respectu
625 1675 650 1720 a
675 1653 841 1737 resoluta,
867 1648 1011 1717 habetur

722 1823 747 1868 a
771 1827 817 1864 =
842 1801 948 1868 funct.
972 1797 1038 1888 (A,
1064 1796 1103 1887 b,
1130 1819 1166 1886 o,
1192 1820 1229 1886 e,
1247 1796 1296 1892 s,
1322 1798 1367 1891 g)

323 1975 391 2043 qua
431 1950 632 2039 aequatione
663 1958 819 2017 constans
859 1970 884 2016 a
917 1972 936 2016 e
968 1948 1197 2017 functionibus
1233 1946 1285 2035 X,
1323 1945 1373 2034 Y,
1408 1946 1440 2017 Z
1478 1949 1714 2038 aequationum
1747 1947 1833 2040 (19)

324 2078 496 2147 eliminare
529 2076 626 2160 licet,
660 2076 709 2143 ita
740 2085 779 2143 nt
808 2095 850 2162 x,
885 2096 930 2163 y,
962 2096 984 2141 z
1015 2075 1204 2143 functiones
1237 2074 1382 2141 evadant
1406 2077 1631 2142 constantium
1656 2077 1706 2161 A,
1734 2072 1772 2162 b,
1801 2095 1833 2163 c,

324 2225 360 2290 e,
377 2200 425 2294 s,
451 2222 491 2293 g.
542 2200 673 2285 Quibus
699 2201 815 2285 factis,
848 2197 1030 2266 methodus
1062 2200 1165 2267 modo
1200 2200 1368 2291 explicata
1394 2200 1609 2288 aequationes
1636 2181 1834 2293 suppeditat

321 2327 405 2422 ipsis
433 2325 515 2415 (23)
545 2335 580 2393 et
605 2321 687 2412 (24)
713 2323 817 2415 plane
843 2324 978 2409 similes,
1005 2325 1125 2413 quibus
1150 2346 1231 2392 vero
1257 2325 1381 2414 ubique
1404 2325 1438 2391 Λ
1457 2324 1577 2392 locon
1595 2324 1692 2396 inest.
1732 2327 1831 2412 Quae

322 2453 553 2523 conclusiones
579 2473 683 2539 quum
707 2448 821 2516 locum
844 2448 1005 2537 habeant,
1032 2449 1337 2538 quomodocunque
1364 2457 1441 2516 sunt
1461 2457 1653 2518 constantes
1670 2452 1831 2541 reliquae,

322 2581 444 2670 quibus
469 2579 505 2644 in
529 2576 702 2644 functione

722 2722 755 2786 A
779 2744 826 2783 =
851 2721 956 2786 funct.
984 2717 1044 2806 (a,
1072 2716 1112 2804 b,
1136 2738 1173 2804 o,
1199 2714 1299 2808 essi
1326 2718 1372 2811 g)

323 2875 526 2966 quantitates
552 2892 586 2958 a,
613 2866 644 2956 b,
671 2890 701 2955 c,
727 2878 789 2936 etc.
816 2869 903 2936 inter
929 2891 965 2936 se
990 2867 1256 2959 coniunguntur3
1288 2892 1482 2962 supponere
1507 2870 1605 2940 uobis
1630 2873 1721 2960 licet,
1746 2872 1831 2943 huic

322 2999 488 3073 functioni
511 2997 731 3088 quantitatem
755 2996 926 3086 quandam
950 2994 1159 3064 arbitrariam
1183 3015 1202 3060 τ
1225 2993 1354 3083 inesse,
1394 2997 1579 3069 durnmodo
1604 2998 1641 3066 in
1664 3000 1830 3088 formulis,

322 3126 503 3215 inquibus
530 3145 569 3209 a,
595 3119 635 3208 b,
661 3142 698 3205 c,
724 3131 787 3189 etc.
810 3121 989 3188 variabiles
1014 3120 1211 3188 tractandae
1235 3131 1331 3208 suut,
1364 3124 1440 3215 ipsa
1471 3147 1491 3192 τ
1526 3135 1683 3195 constans
1715 3148 1828 3218 pous-

320 3262 386 3322 tur.
435 3250 616 3336 Quantitas
641 3247 897 3315 indeterminata
920 3245 1007 3314 haec
1031 3267 1066 3332 c,
1092 3247 1172 3336 quia
1195 3246 1454 3319 iudetenninata
1479 3261 1547 3338 est,
1572 3260 1653 3343 post
1677 3252 1828 3345 integra-

320 3378 429 3444 tiones
454 3376 695 3466 sequationum
718 3367 804 3460 (25)
829 3380 984 3462 peractas
1011 3371 1056 3439 ad
1080 3372 1225 3441 lubitum
1250 3375 1466 3447 determinari
1497 3387 1629 3468 potest3
1664 3377 1829 3470 ponendo

320 3521 401 3569 vero
433 3509 514 3591 post
545 3499 785 3590 integrationes
819 3497 882 3565 has
915 3505 1071 3589 peractas
1103 3520 1193 3565 c:
1218 3505 1252 3587 t,
1291 3524 1416 3570 novam
1453 3503 1609 3571 methodi
1633 3502 1827 3573 variationis

321 3623 548 3693 coustantium
572 3623 818 3692 arbitrariamm
842 3623 1109 3716 applicationem
1131 3646 1369 3713 assequemur,
1415 3627 1636 3718 latioremque
1670 3628 1702 3696 ei
1734 3651 1827 3699 cam·

320 3774 404 3843 pum
430 3750 627 3840 aperiemus.
677 3749 789 3832 Quem
814 3749 849 3816 iu
874 3750 978 3816 finem
1002 3759 1081 3817 ante
1106 3749 1220 3818 omnia
1243 3749 1312 3818 hoc
1330 3762 1381 3821 est
1399 3754 1708 3842 demonstrandum,
1732 3755 1827 3847 quod

320 3876 356 3944 in
381 3884 496 3944 nostra
515 3873 811 3965 perturbationum
835 3872 969 3940 theoria
993 3874 1249 3945 fundamentale
1274 3876 1343 3945 dici
1364 3885 1481 3969 potest

849 4038 1260 4141 ⁴Theorema.

348 4322 351 4331 ,
419 4273 566 4368 Quoties
592 4272 668 4343 loco
693 4269 830 4360 aliquem
845 4270 1083 4342 amnestiam
1095 4270 1379 4342 arbitrariam
1395 4296 1432 4361 a,
1445 4272 1478 4363 b,
1493 4297 1524 4362 c,
1548 4287 1616 4348 etc.
1642 4276 1824 4371 «lignum

321 4395 467 4465 totidem
490 4406 696 4469 constantes
720 4393 943 4464 arbitrariae
966 4399 1016 4480 A,
1042 4397 1091 4482 Γ,
1115 4405 1196 4485 etc,
1230 4420 1323 4490 qaae
1345 4420 1392 4468 en
1418 4398 1667 4472 mactantibus
1688 4402 1763 4472 iilis
1784 4412 1825 4479 et
1883 4422 1884 4425 ’

321 4542 367 4590 eu
392 4522 593 4612 quantitate
613 4519 897 4594 indeterminata
919 4542 938 4589 s
962 4519 1030 4589 toli
1054 4521 1161 4590 niodo
1186 4525 1402 4617 compositae
1425 4533 1526 4614 sunt,
1552 4526 1652 4619 quali
1674 4528 1822 4621 panti·-

320 4653 415 4719 tutes
446 4644 621 4740 quaeliba
653 4646 704 4732 L,
730 4645 785 4735 G,
804 4651 877 4717 etc.
912 4666 957 4715 es
988 4643 1119 4719 iisdem
1149 4647 1390 4723 maneribus
1425 4672 1469 4737 n,
1490 4649 1535 4739 b,
1556 4673 1599 4741 c,
1619 4659 1689 4723 etc.
1715 4663 1753 4726 et
1773 4676 1824 4727 es
