4254 5536
1200 306 1249 364 VI

452 505 561 574 millia
578 506 839 570 annorumante
853 502 982 588 etpost
996 495 1165 588 epocham
1181 496 1561 600 complectens'serminj
1576 519 1643 591 pgr
1662 442 1802 571 glfio'm
1815 504 1980 596 pompm

451 663 641 750 potestates
658 607 873 743 multiplicati
888 650 959 716 vim
973 670 1042 716 non
1055 647 1193 718 noent.

553 809 596 878 ln
613 809 731 876 Lunae
755 809 869 887 motu,
901 808 1064 890 quatenus
1087 825 1109 868 a
1132 801 1215 870 Sole
1236 801 1472 894 perturbatur,
1505 823 1558 869 res
1581 824 1677 870 secus
1700 826 1738 873 se
1757 803 1881 892 habet3
1911 807 1981 878 boc

454 962 543 1032 enim
556 962 593 1028 in
609 981 687 1026 casn
704 980 743 1042 a,
767 956 808 1044 β,
834 961 896 1023 ete
912 954 1054 1021 maiores
1070 955 1200 1023 numeri
1214 962 1309 1040 sunt,
1335 961 1370 1022 et
1384 953 1613 1022 coefficientes
1628 976 1670 1041 o,
1696 951 1735 1041 b,
1762 965 1825 1025 etc.
1846 982 1980 1052 semper

452 1115 608 1198 minores,
634 1131 737 1197 quam
752 1108 789 1175 in
803 1107 865 1175 illo
882 1107 1107 1199 problemate,
1131 1106 1168 1173 in
1182 1094 1331 1174 terminia
1350 1106 1452 1174 etiam
1468 1106 1527 1173 ubi
1543 1098 1565 1173 s*
1576 1129 1618 1168 2:
1629 1127 1660 1176 o.
1701 1107 1815 1192 Quum
1831 1132 1911 1180 vcro
1925 1113 1980 1181 illi

349 1335 353 1343 ,
450 1266 592 1335 maiores
607 1262 684 1347 sint,
709 1268 744 1328 et
760 1281 785 1327 π
803 1267 960 1352 respectu
975 1266 1086 1328 motus
1100 1258 1190 1327 Solis
1205 1260 1275 1327 sive
1285 1258 1419 1342 ‚Terrae
1433 1281 1575 1351 magnus
1591 1281 1748 1328 numerus
1765 1261 1825 1348 sit,
1850 1262 1980 1333 factum

451 1424 515 1506 αἱ,
528 1421 568 1484 ut
580 1413 717 1481 termini
730 1412 827 1480 serici
840 1412 1073 1505 praecedentis
1087 1434 1151 1502 per
1165 1412 1354 1505 superiores
1371 1412 1533 1503 temporis
1549 1419 1737 1502 potestates
1750 1412 1979 1506 multiplicati,

451 1569 595 1664 parvulo
612 1566 776 1658 temporis
792 1565 902 1657 spatio
917 1564 1163 1656 praeterlapso,
1177 1573 1247 1632 tam
1260 1564 1377 1656 magni
1393 1564 1548 1649 evadant,
1567 1572 1605 1632 ut
1620 1564 1715 1631 nullo
1730 1563 1833 1633 modo
1847 1568 1978 1660 negligi

450 1720 593 1814 possint.
643 1718 735 1804 Quin
758 1718 858 1786 etiam
878 1717 959 1785 inde
980 1741 1001 1784 a
1021 1726 1114 1784 certo
1135 1716 1285 1807 quodam
1306 1717 1470 1806 temporis
1493 1724 1666 1783 momento
1688 1716 1731 1783 ab
1753 1717 1888 1809 epocha
1910 1741 1979 1788 non

450 1874 557 1968 louge
577 1877 708 1940 remoto
724 1869 859 1938 termini
879 1892 943 1961 per
965 1869 1101 1937 altiores
1117 1868 1280 1977 temporis
1304 1876 1491 1959 potestates
1512 1866 1728 1957 multiplicati
1747 1870 1885 1959 reliquis
1908 1881 1978 1939 ter·

450 2024 550 2094 minis
562 2023 705 2091 maiores
721 2021 913 2106 evaderent,
939 2041 1006 2110 quo
1024 2019 1074 2106 lit,
1098 2027 1137 2087 ut
1158 2019 1235 2088 loca
1249 2021 1367 2089 Lunae
1382 2019 1451 2087 hoc
1465 2018 1569 2087 modo
1585 2027 1782 2108 computata
1800 2043 1876 2090 cum
1890 2024 1977 2092 veris

451 2178 521 2247 eins
549 2175 633 2244 locis
663 2196 876 2263 nequaquam
906 2193 1094 2263 congruere
1127 2172 1270 2264 possint.
1337 2169 1567 2256 Quamobrem
1588 2169 1623 2236 in
1643 2169 1777 2240 theoria
1796 2173 1913 2243 Lunae
1933 2175 1977 2244 ad

450 2329 550 2399 huius
564 2327 661 2396 seriei
674 2325 863 2394 functiones
880 2323 1080 2417 originales,
1106 2323 1175 2392 hoc
1192 2333 1244 2391 est
1261 2323 1305 2390 ad
1319 2323 1479 2390 terminos
1492 2320 1593 2388 huius
1609 2321 1739 2390 formae

603 2518 1821 2635 aen(sg÷sg‘÷ttt†a)÷essn(tg÷sg'†ctt÷e)†ett

453 2762 550 2833 nobis
572 2757 811 2851 refugiendum
825 2767 894 2845 est,
918 2766 952 2826 et
970 2757 1208 2848 aequationum
1225 2754 1500 2828 differentialium
1516 2753 1785 2847 perturbationes
1809 2761 1974 2851 suppedi-

450 2916 593 2987 tantium
617 2911 859 3003 integrationes
879 2910 928 2978 ita
943 2909 1170 2979 instituendae
1185 2917 1279 2996 sunt,
1305 2919 1342 2978 ut
1357 2910 1627 3003 perturbationes
1650 2911 1764 2980 statim
1778 2910 1845 2982 bac
1866 2915 1977 2982 forma

453 3088 633 3159 expressae
652 3064 875 3132 obtineantur.
1835 3162 1837 3171 y

550 3191 755 3287 Geometras
768 3215 893 3284 saeculi
908 3215 1093 3307 praeteriti,
1118 3214 1177 3304 qui
1190 3213 1368 3306 problema
1381 3215 1450 3285 hoc
1465 3217 1665 3305 tractabant,
1679 3216 1846 3285 theoriam
1855 3218 1973 3285 Lunae

452 3370 497 3440 ad
517 3368 608 3439 hunc
629 3393 736 3459 usquc
756 3366 975 3460 praecisionis
992 3363 1137 3459 gradum
1157 3388 1227 3434 non
1250 3367 1479 3461 expoliemnt,
1512 3380 1550 3438 ut
1570 3392 1646 3438 curn
1661 3369 1839 3437 observato
1853 3369 1973 3438 Lunae

451 3529 547 3592 motu
568 3529 778 3614 congrueret
836 3519 994 3587 Summus
1019 3520 1213 3611 Laplace
1239 3543 1391 3610 quoquc,
1425 3523 1482 3610 qui
1506 3528 1540 3589 et
1561 3520 1680 3590 Lunae
1701 3519 1871 3590 theoriam
1889 3544 1971 3612 per-

451 3681 601 3743 scrutans
621 3675 729 3741 multa
749 3682 783 3742 et
800 3673 998 3766 gravissima
1012 3671 1112 3741 huius
1127 3673 1279 3741 theoriae
1291 3680 1463 3741 momenta
1478 3673 1677 3767 detegebat,
1703 3674 1972 3765 computationes

451 3849 520 3895 non
536 3848 578 3895 eo
592 3849 698 3915 usque
716 3826 886 3911 extendit,
911 3832 949 3892 ut
963 3826 1087 3893 tabulis
1109 3834 1239 3893 motum
1259 3827 1378 3894 Lunae
1399 3825 1633 3896 exhibentibus
1653 3850 1769 3896 omnes
1788 3829 1972 3920 superstrui

453 3987 603 4069 possent.
655 3977 955 4046 observationibus
976 3977 1060 4069 ipsis
1086 3978 1313 4046 coefficientes
1335 3980 1628 4070 perturbationum
1647 3980 1768 4049 Lunae
1780 3980 1972 4051 inveniendi

450 4128 564 4217 fuae,
589 4137 624 4198 et
645 4153 752 4218 usque
775 4129 819 4197 ad
833 4140 967 4221 tempus
981 4131 1244 4198 recentissimum
1259 4130 1382 4198 tabulis
1399 4132 1473 4200 sola
1487 4131 1621 4200 theoria
1640 4135 1814 4227 gravitatis
1830 4131 1969 4201 nitenti-

450 4281 513 4351 bus
539 4282 713 4350 caruimus.
765 4281 820 4349 lll.
848 4282 1049 4351 Damoiseau
1079 4283 1279 4351 methodum
1292 4284 1582 4375 perturbationum
1598 4285 1900 4380 computandorum
1914 4306 1969 4353 se-

451 4441 592 4523 quutus,
618 4434 711 4503 onius
731 4436 951 4505 fundamenta
972 4436 1022 4503 ill.
1047 4435 1200 4526 Laplace
1213 4456 1349 4524 quoque
1364 4436 1585 4526 adhibuerat,
1610 4442 1736 4533 primm
1749 4436 1881 4504 tabulas
1894 4436 1968 4506 Lu·-

449 4607 513 4655 nae
536 4586 610 4655 sola
635 4586 767 4658 theoria
787 4591 960 4682 grauitatis
980 4586 1136 4657 fundatas
1153 4584 1255 4654 dedit.
1307 4586 1405 4673 Quae
1425 4593 1726 4687 computandorum
1740 4589 1969 4683 perturbatio-

2054 1135 2068 1173 h
