4254 5536
1032 317 1088 406 u
1117 290 1120 301 ‘

642 530 1138 711 eicco-2
1219 638 1232 670 2

303 747 421 816 transit
447 748 482 815 in
506 747 594 813 hanc
910 835 913 842 Ι

964 860 981 938 i
1069 863 1089 939 ᾗ
1119 863 1154 936 (¹⁸

1003 947 1169 974 -“

960 987 978 1028 τ
1087 969 1151 1046 9²11

305 1103 366 1171 sed
392 1105 561 1196 posterior
586 1103 741 1191 aequatio
768 1099 850 1191 (14)
877 1103 1076 1193 suppeditat

302 1444 338 1504 et
363 1437 518 1524 aequatio
544 1433 626 1524 (30)

301 1723 416 1813 itaque

850 1837 908 1938 ΕΞ
923 1912 970 1954 .-..-
990 1851 1180 1958 θεὴ-η

863 1945 903 2007 dr

305 2099 392 2167 quae
415 2076 570 2165 aequatio
597 2075 699 2144 etiam
724 2099 765 2146 cx
788 2073 856 2144 hac

753 2219 1250 2417 unffi-&n
1332 2316 1334 2320 ·

303 2461 446 2531 derivari
483 2458 660 2552 potuisset.
727 2456 824 2527 Haec
868 2461 957 2528 enim
990 2463 1104 2531 statim
1139 2460 1356 2555 suppeditat,
1400 2453 1708 2546 quomodocunque
1739 2449 1818 2520 fun-

302 2588 429 2657 ctiones
455 2585 509 2670 Λζ
533 2592 567 2652 et
594 2576 643 2667 Ξζ
666 2586 874 2676 compositae
900 2595 987 2674 sunt,
1053 2600 1055 2605 ’

305 2993 346 3041 ex
369 2991 437 3059 qua
461 2967 498 3033 in
523 2988 602 3033 casu
628 2971 758 3055 nostro,
785 2966 844 3035 ubi
858 2963 910 3058 JK
922 2989 1000 3034 :c
1026 2976 1092 3055 est,
1120 2968 1276 3058 aequatio
1303 2964 1386 3056 (31)
1413 2966 1528 3035 statim
1553 2963 1703 3057 emergit.

402 3128 493 3196 Hinc
531 3127 636 3217 igitur
675 3126 803 3195 factum
848 3137 916 3213 est,
955 3134 993 3194 nt
1032 3126 1188 3214 aequatio
1220 3126 1370 3195 valorem
1408 3126 1515 3218 ipsius
1549 3081 1606 3228 {5-
1646 3117 1816 3201 exhibens,

304 3279 434 3348 scilicet
459 3277 615 3365 aequatio
640 3275 730 3370 haec

803 3418 922 3586 {it-z
948 3419 1074 3589 (ἓ)
1092 3465 1205 3560 sTdc

304 3660 434 3730 functio
460 3660 620 3750 explicita
645 3660 854 3728 variabilium
880 3671 914 3730 et
940 3664 1164 3762 coustantium
1188 3659 1291 3728 modo
1318 3632 1585 3727 enumerationum
1610 3652 1750 3740 evadat,
1783 3661 1817 3724 et

305 3814 427 3892 eodem
450 3818 553 3887 modo
580 3821 795 3908 aequationes
820 3821 952 3890 valores
978 3824 1126 3914 ipsarum
1160 3777 1245 3926 {get
1264 3778 1304 3922 ἐξ
1321 3815 1517 3886 exhibentes
1542 3815 1733 3885 functiones
1758 3837 1815 3884 ex-

202 3991 212 4006 ‘
303 3972 443 4064 plicitae
479 3969 659 4038 earundem
691 3969 901 4039 variabilium
939 3980 973 4038 et
998 3974 1222 4040 constantium
1246 3970 1441 4040 redduntur.
1500 3968 1748 4056 Quamobrem,
1783 3973 1818 4035 et

304 4155 408 4222 quum
433 4130 647 4220 aequationes
673 4130 805 4200 valorcs
831 4131 980 4222 ipsarum
1011 4090 1155 4234 {fet}
1193 4130 1408 4215 exhibentes,
1456 4135 1495 4197 ut
1532 4129 1621 4198 infra
1658 4125 1815 4211 elucebit,

305 4281 493 4350 functiones
527 4304 661 4383 quoque
696 4281 906 4349 variabilium
932 4289 966 4349 et
992 4282 1217 4350 constantium
1242 4279 1424 4350 earundem
1448 4281 1546 4349 reddi
1569 4279 1718 4372 possint,
1757 4300 1816 4345 ae-

307 4407 482 4498 quationes
508 4411 666 4497 quinque,
691 4431 777 4497 quae
802 4408 1026 4498 integratione
1051 4414 1208 4498 respectu
1232 4409 1395 4500 temporis
1420 4408 1551 4476 valeres
1567 4428 1664 4474 veros
1681 4405 1816 4493 quanti-

306 4540 416 4600 tatum
456 4532 645 4619 quinqne
683 4535 719 4622 ζ,
752 4536 790 4626 β,
826 4530 871 4621 S,
897 4556 928 4626 p
960 4544 994 4601 et
1027 4556 1050 4624 q
1089 4534 1372 4626 suppeditabunt,
1410 4535 1598 4602 functiones
1635 4530 1816 4624 explicitae

309 4656 490 4728 earundem
514 4657 723 4730 variabilium
747 4661 1012 4755 incognitarum,
1038 4682 1142 4755 porro
1167 4661 1356 4733 functiones
1381 4658 1592 4765 conchilium
1613 4677 1638 4731 a
1661 4665 1754 4759 otto
1773 4679 1816 4729 ex
