4254 5536
968 293 1021 382 „a

527 504 1085 693 suist-‘teus
1135 507 1462 691 diffie)

225 774 316 842 quae
339 758 472 821 motum
496 749 675 819 relativum
699 747 807 816 centri
830 745 1005 840 gravitatis
1032 747 1185 841 corporis
1202 721 1247 814 'm
1273 747 1506 820 determinant
1567 749 1735 822 Poueudo

1457 1018 1533 1082 dm.
1551 1013 1609 1082 dm'

374 1353 426 1366 ,,
441 1289 472 1368 3
484 1309 536 1383 Σ,
619 1263 1645 1384 ‹s-ss‹smus-n‹s“-n>÷‹s—·z‚>‹s‘-zo„,
1658 1309 1736 1385 ,mn

438 1374 477 1437 Μ
770 1363 1396 1460 [st-s>²÷o‘'-Y›²÷(t'—zo²]¹
1644 1367 1653 1383 '

225 1509 284 1581 ubi
308 1502 361 1577 Σ”
385 1510 514 1579 iudicat
539 1509 752 1580 coordinatas
780 1523 814 1582 et
837 1536 983 1582 massam
1016 1514 1169 1607 corporis
1193 1505 1248 1581 m''
1275 1512 1436 1606 deinceps
1461 1513 1498 1581 in
1523 1511 1736 1582 coordinatas

225 1658 420 1726 massasque
446 1657 628 1729 corporum
653 1638 804 1706 omnium
827 1659 882 1726 m,
906 1632 971 1725 m'',
997 1632 1071 1726 mm,
1097 1647 1181 1725 eto,
1216 1647 1361 1731 excepto
1393 1660 1537 1731 corpore
1568 1629 1625 1723 m',
1658 1629 1735 1706 rnu-

223 1760 343 1830 tandas
377 1785 468 1849 esse,
509 1761 723 1831 coordinatas
759 1785 840 1832 vero
867 1772 901 1832 et
926 1787 1072 1832 massam
1096 1763 1248 1857 corporis
1273 1758 1318 1833 m'
1342 1765 1380 1833 in
1403 1765 1554 1835 terminis
1579 1762 1735 1834 omnibus

224 1889 417 1958 immutatas
442 1912 616 1958 remanere
641 1889 785 1976 debere,
810 1888 956 1958 habetur
1205 1949 1208 1954 .

855 2025 984 2118 ὀξί-
1026 2024 1100 2094 dW'
1235 2023 1246 2050 '
1348 2026 1452 2212 ff)

867 2137 920 2200 dt²
933 2134 984 2147 '-

226 2290 315 2358 quae
338 2277 468 2336 motum
492 2271 672 2337 relativum
705 2273 814 2340 centri*
840 2272 1015 2365 gravitatis
1048 2271 1199 2364 corporis
1230 2264 1275 2338 m'
1310 2272 1492 2361 definiunt,
1542 2279 1577 2342 et
1608 2270 1733 2342 slmiles

225 2391 444 2482 aequatioues
468 2392 690 2462 nanciscimur
714 2415 779 2484 pro
806 2397 1002 2487 corporibus
1028 2396 1185 2465 omnibus
1210 2397 1361 2487 reliquis.

323 2742 439 2828 Quum
463 2744 654 2832 systematis
680 2742 939 2813 nostri-Soletis
966 2764 1148 2835 corporum
1171 2741 1395 2812 dimensiones
1420 2748 1580 2833 respectu
1601 2739 1731 2815 distau-

223 2866 345 2936 tiamm
370 2889 487 2937 eorum
509 2869 761 2962 reciprocarum
785 2867 1025 2936 minutissimae
1048 2871 1124 2956 sint,
1150 2869 1354 2960 quantitates
1378 2866 1431 2955 W,
1462 2860 1525 2955 W,
1551 2876 1614 2937 ete.
1635 2890 1731 2940 com-

223 2992 418 3061 modissime
441 2993 478 3078 in
502 3002 617 3084 partes
644 2992 726 3062 duas
753 2993 963 3081 dividuntur,
1000 3017 1140 3085 quarum
1165 2995 1304 3087 priora
1335 2995 1445 3087 figura
1471 3015 1651 3086 corporum
1675 2997 1730 3065 in·

224 3117 422 3210 dependens
459 3124 527 3206 est,
568 3119 673 3189 altera
707 3141 789 3188 vero
822 3143 841 3188 e
873 3119 1071 3212 parametris
1105 3118 1358 3210 superficierum
1383 3140 1565 3211 corporum
1589 3119 1730 3213 pendet,

224 3267 312 3334 quae
337 3244 445 3313 altera
467 3266 548 3336 pars
573 3245 635 3313 ills
660 3268 794 3339 semper
818 3247 926 3315 multo
951 3246 1062 3313 minor
1086 3253 1146 3314 est
1210 3245 1287 3314 Sint
1311 3236 1359 3331 ξω
1384 3266 1430 3339 q„
1457 3244 1487 3332 ζ,
1513 3247 1731 3316 coordinatae

224 3369 344 3464 puncti
374 3369 518 3438 cuiusvis
552 3372 704 3462 corporis
738 3394 775 3440 m
808 3372 853 3441 ad
886 3383 1038 3441 ceutmm
1067 3371 1242 3464 gravitatis
1274 3370 1374 3439 huius
1406 3372 1559 3463 corporis
1590 3373 1730 3462 relatae,

223 3486 283 3583 ἐζ,
307 3488 370 3590 q'„
407 3489 447 3583 ξ,
490 3495 707 3565 coordinatae
738 3499 858 3589 puncti
891 3498 1033 3566 cuiusvis
1066 3498 1217 3590 corporis
1239 3489 1284 3564 m'
1309 3496 1355 3565 ad
1379 3507 1531 3567 centmm
1555 3499 1730 3593 gravitatis

223 3620 324 3692 huius
349 3622 500 3715 corporis
525 3621 669 3709 relatae,
697 3631 731 3689 et
757 3624 804 3691 sic
829 3645 944 3716 porro.
994 3622 1085 3689 Hinc
1111 3623 1260 3712 sequitur
1283 3629 1322 3690 ut

522 3739 1368 3857 s=x†s‚s=s†s2t=2÷t

519 3861 1379 3970 r=s÷e‚u=u÷d‚t=i†u

671 4005 734 4065 etc.
1185 4008 1248 4069 etc.
1265 3995 1269 4003 ’

323 4142 519 4215 Substitutis
542 4146 599 4216 his
625 4147 796 4216 valoribus
821 4149 858 4217 iu
883 4107 1151 4242 expressionibus
1165 4151 1326 4242 ipsamm
1365 4145 1424 4235 W,
1463 4145 1510 4214 W
1511 4137 1532 4231 ¹,
1564 4150 1628 4212 etc.
1663 4143 1753 4215 art

225 4291 352 4364 praec,
375 4270 577 4359 quantitates
602 4296 688 4361 quae
713 4276 775 4343 sub
801 4275 905 4368 signis
930 4275 1163 4366 integrationis
1189 4278 1410 4359 continentur,
1437 4272 1473 4338 iu
1494 4269 1594 4338 series
1610 4269 1725 4339 infini-

226 4406 278 4466 tas
304 4396 448 4466 maxime
473 4409 718 4490 convergentcs
740 4409 775 4470 et
800 4399 983 4470 secundum
1015 4409 1201 4492 potestates
1233 4399 1468 4492 productaque
1499 4396 1725 4484 quantitatum

227 4512 393 4611 (fr-fxi
407 4571 417 4610 t
431 4515 630 4617 (qr-'dria
645 4520 811 4615 (ἴτ’-ξι)
837 4536 901 4594 θω·
928 4534 962 4595 et
986 4549 1076 4618 resp·
1104 4525 1327 4615 quantitatum
1348 4514 1504 4613 (ξι-Ξ)
1518 4572 1528 4610 t
1543 4519 1724 4616 [qr-ni

226 4645 408 4740 (ξι-Ζ),
434 4656 498 4718 etc.
523 4651 792 4747 progredientes,
816 4653 926 4723 evolvi
950 4660 1104 4745 possunt,
1129 4671 1270 4741 quarum
1294 4651 1453 4723 seriemm
1476 4648 1580 4745 primi
1603 4669 1645 4718 ex
1667 4645 1723 4719 hu

696 4798 698 4803 '
726 4790 730 4797 '
1203 4803 1208 4811 ·
1236 4773 1264 4849 2
