4254 5536
303 2587 416 2708 'quae
446 2613 593 2683 formula
625 2611 786 2678 terminos
819 2632 936 2678 omnes
969 2633 1077 2698 usqne
1107 2611 1153 2678 ad
1186 2597 1342 2700 quartum
1369 2609 1522 2678 ordinem
1549 2608 1708 2676 continet.
1759 2604 1849 2673 Ter-

328 2741 412 2832 mini
435 2749 549 2807 tamen
573 2737 664 2804 tertii
689 2735 817 2801 ordinis
840 2736 876 2800 in
903 2735 1111 2824 logaritlrmo
1138 2737 1228 2802 sinus
1253 2735 1468 2826 parnllaxeos
1494 2733 1718 2802 horizontaiis
1731 2731 1851 2800 Lunae

330 2867 459 2937 nuliam
484 2863 557 2930 fere
582 2862 651 2928 vim
674 2859 821 2943 habent,
857 2869 891 2926 et
923 2859 1137 2927 solummodo
1169 2861 1374 2954 integritatis
1408 2884 1526 2928 caussa
1561 2870 1596 2927 et
1622 2869 1660 2927 ut
1685 2866 1852 2925 monstra—

333 3015 405 3063 rem
431 2987 603 3080 quomodo
628 2985 667 3054 hi
692 2985 826 3052 termini
852 3006 888 3052 se
913 2985 1090 3071 haberent,
1115 2988 1276 3056 terminos
1302 2987 1393 3056 tertii
1418 2987 1545 3055 ordinis
1571 2988 1628 3076 qui
1644 2985 1851 3075 expressioni

335 3114 532 3212 logarithmi
557 3114 643 3182 radii
667 3111 813 3180 vectoris
839 3111 954 3179 insunt
978 3134 1098 3181 omnes
1122 3113 1241 3182 evolvi

1057 3438 1116 3508 lo.

436 3617 558 3685 Restat
583 3612 680 3680 nobis
706 3621 744 3680 ut
769 3618 927 3680 constans
955 3609 989 3682 G
1010 3612 1201 3696 definiatur,
1228 3635 1315 3700 quoe
1341 3614 1525 3681 secundnm
1551 3622 1611 3680 art.
1631 3613 1688 3683 11.
1706 3610 1796 3679 Sect.
1811 3613 1854 3680 ΙΙ.

338 3743 534 3814 adiumento
557 3737 766 3827 aequationis
791 3734 891 3804 huius

737 3883 1323 4072 meoet—aff)

341 4147 596 4220 detemrinanda
621 4155 683 4214 est.
735 4141 890 4212 Termini
915 4142 976 4210 snb
1002 4141 1102 4235 signo
1127 4144 1362 4238 integrationis
1393 4145 1428 4211 in
1454 4149 1670 4237 expressione
1694 4150 1800 4240 ipsius
1825 4172 1858 4216 w

342 4276 378 4342 in
403 4286 465 4345 art.
490 4297 605 4368 praec.
631 4272 710 4339 data
736 4271 915 4338 existentes
939 4278 1021 4360 post
1053 4271 1281 4339 evolutionem
1306 4271 1343 4338 in
1368 4271 1488 4339 seriem
1511 4275 1673 4341 terminos
1699 4281 1857 4340 constan·

343 4412 395 4467 tes
429 4401 599 4468 continere
631 4406 820 4488 nequeunt3
852 4394 975 4486 quodsi
1000 4395 1103 4488 igitur
1128 4398 1173 4466 ad
1196 4397 1360 4468 terminos
1383 4407 1573 4468 constantes
1599 4407 1729 4496 tantum
1747 4401 1858 4491 respi-

343 4528 467 4611 cimus,
492 4526 648 4612 aequatio
672 4524 759 4594 haec
785 4521 983 4615 suppeditat

912 4666 1205 4767 w=c÷m
