4254 5536
908 367 1046 455 125⁴

355 588 408 656 Γ.
423 636 453 654 ..
479 585 731 655 inclinationem
754 582 856 654 huius
883 586 1063 677 eclipticas
1084 605 1199 654 uersus
1223 584 1364 678 planum
1387 584 1622 675 proiectiouis3

183 709 452 808 ν-Η-Θ...
479 735 593 782 areum
616 710 716 779 huius
743 710 921 803 eclipticas
959 735 980 778 a
1004 708 1119 778 nodo
1145 711 1214 779 eius
1242 709 1493 779 ascendenti
1516 734 1593 781 cum
1615 712 1693 806 pla-

481 859 526 905 no
551 836 768 929 proiectiouis
793 859 900 926 usque
924 835 970 903 ad
994 836 1108 904 locum
1130 836 1282 928 perigaei
1306 831 1396 903 Solis
1421 846 1604 908 extensum.

283 987 467 1057 Formulse
490 989 526 1055 in
550 987 617 1054 hac
643 985 802 1055 Sectioue
829 986 985 1056 evolutae
1009 994 1215 1071 monstrant,
1249 985 1477 1078 expressiones
1508 987 1693 1079 analyticas

183 1114 473 1209 perturbationum
498 1112 683 1180 latitudiuis
709 1122 744 1180 et
768 1113 972 1183 reductionis
997 1110 1217 1204 longitudinis
1243 1109 1287 1178 ad
1311 1109 1452 1202 planum
1476 1112 1694 1204 proiectionis

183 1240 446 1332 simplicissimas
472 1237 624 1325 evadere,
650 1238 678 1307 si
702 1239 844 1331 planum
868 1239 936 1308 hoc
957 1240 1102 1331 eligatur
1125 1237 1304 1330 planum
1328 1236 1604 1326 invariabile,
1628 1262 1694 1331 pro

181 1388 251 1455 quo
276 1367 311 1462 in
335 1364 468 1432 theoria
490 1363 608 1433 Lunae
632 1364 775 1455 planum
795 1366 973 1457 eclipticae
990 1363 1185 1432 habendum
1200 1370 1260 1431 est.
1299 1361 1414 1448 Quum
1433 1384 1514 1431 vero
1534 1364 1570 1432 in
1585 1372 1693 1434 astro·

183 1493 296 1558 nomia
319 1491 469 1582 practica
494 1488 659 1557 hodierna
684 1489 949 1584 longitudinibus
982 1490 1283 1576 latitudinibusque
1315 1487 1434 1556 Lunae
1458 1510 1527 1557 uon
1549 1496 1693 1579 utamur,

181 1615 243 1683 sed
267 1638 287 1682 e
311 1615 477 1682 contrario
503 1615 773 1705 computationes
807 1638 921 1683 omnes
955 1636 1023 1706 ope
1048 1614 1278 1682 ascensionum
1301 1621 1468 1681 rectarum
1494 1614 1691 1685 declinatio-

180 1761 327 1828 numque
360 1739 479 1808 Lunae
510 1740 742 1828 absolvantur,
783 1739 885 1830 idque
917 1740 1048 1830 optimo
1080 1738 1152 1806 iure
1183 1737 1380 1829 rationeque
1405 1741 1587 1809 certissima
1612 1742 1690 1811 fiat:

178 1872 330 1955 praestat
360 1864 487 1954 absque
520 1864 717 1957 ambagibus
747 1864 862 1932 locum
884 1863 1003 1932 Lunae
1026 1863 1072 1931 ad
1095 1871 1310 1953 aequatorem
1333 1863 1478 1933 relatum
1500 1888 1565 1958 per
1588 1866 1690 1936 theo-

180 1990 263 2059 riam
287 2012 423 2080 quoque
447 1989 672 2081 suppeditari,
698 1988 797 2058 sicuti
821 1987 898 2054 loca
920 1988 1134 2080 planetarum
1157 1989 1203 2057 ad
1227 1997 1443 2079 aequatorem
1462 1991 1572 2061 relata
1592 2015 1687 2064 com·

178 2124 300 2209 putare
321 2114 389 2181 iam
415 2115 620 2184 edocuimus.

278 2239 365 2307 Esto
391 2239 488 2306 nobis
513 2224 616 2332 igitur
639 2238 782 2330 planum
806 2238 995 2328 aequatoris
1019 2238 1166 2329 tempori
1190 2245 1291 2308 t:o
1312 2238 1523 2334 respondeus
1546 2241 1687 2337 planum

177 2363 403 2455 proiectionis.
453 2363 545 2432 Hinc
568 2364 696 2432 factum
720 2369 789 2449 est,
813 2371 852 2431 ut
875 2363 919 2432 sit
944 2359 1035 2428 H:
1050 2382 1090 2444 ος

351 2513 388 2580 Γ
395 2562 404 2578 .
420 2561 453 2581 ..
479 2514 659 2604 obliquitas
686 2513 864 2606 eclipticae
887 2513 1036 2603 tempori
1060 2518 1160 2581 t:o
1183 2512 1411 2606 respondeum

177 2631 333 2733 v-b†
351 2637 452 2706 Θ...
476 2638 655 2731 longitudo
680 2638 833 2747 perigaei
857 2635 948 2704 Solis
972 2639 1118 2730 tempori
1144 2638 1253 2708 eidem
1276 2638 1503 2733 respondeum

350 2761 448 2832 Θ...
473 2762 653 2855 longitudo
683 2762 787 2831 nodi
811 2760 1091 2832 ascendentis
1123 2763 1253 2833 orbitae
1283 2764 1402 2835 Lunae
1426 2786 1504 2836 cum
1527 2765 1687 2862 ecliptica

473 2886 584 2956 eidem
608 2887 755 2979 tempori
777 2886 1003 2978 respondeum

174 3036 385 3108 manentibus
408 3036 707 3128 significationibus
733 3038 957 3105 constantium
980 3039 1185 3128 reliquarum
1208 3035 1329 3107 iisdem
1353 3045 1391 3107 ut
1415 3046 1524 3108 autea.

274 3160 545 3253 Significationes
571 3162 794 3252 quantitatum
817 3185 860 3253 y,
886 3185 908 3229 α
934 3169 968 3230 et
992 3184 1016 3255 q
1039 3160 1200 3256 co'guosoi
1225 3169 1371 3255 oportet.
1428 3163 1548 3234 Facile
1579 3186 1682 3258 repe7

172 3285 257 3354 ritur
287 3281 321 3350 V
342 3307 414 3353 esse
438 3293 674 3377 argumentum
699 3285 885 3356 latitudinis
910 3287 1028 3356 Lunae
1061 3311 1144 3382 erga
1175 3289 1384 3381 eclipticam,
1416 3289 1532 3379 itaque
1561 3312 1683 3364 secuu-

173 3409 254 3479 dum
278 3409 485 3479 uotatiouem
508 3412 684 3505 vulgarem
710 3435 782 3480 esse
808 3412 932 3480 debere

321 3551 610 3655 (calisto-q)
639 3585 682 3625 z
710 3562 817 3631 motui
841 3562 994 3654 perigeni
1017 3562 1209 3632 Lunae-
1232 3563 1341 3632 motui
1364 3564 1447 3634 nodi
1471 3565 1550 3635 eius.

271 3707 310 3777 si
341 3713 377 3779 in
408 3715 622 3805 expressione
653 3713 803 3807 ipsiuss
836 3714 897 3782 sub
923 3712 1007 3802 (70)
1040 3713 1119 3781 data
1148 3714 1356 3784 substituitur
1379 3716 1509 3810 primus
1531 3716 1682 3809 ipsarum

168 3855 208 3931 p!
232 3841 267 3900 et
291 3856 323 3931 q!
351 3839 512 3907 terminus
538 3862 578 3907 ex
603 3836 687 3927 (60)
712 3838 880 3930 petendus
913 3859 1070 3907 necnon
1093 3839 1189 3908 valor
1211 3841 1317 3935 ipsius
1347 3839 1394 3930 V,
1429 3842 1595 3915 invenitur
1619 3864 1680 3915 co·

172 3956 322 4029 efficiens
348 3960 453 4053 ipsius
479 3970 494 4030 t
517 3965 553 4031 in
579 3963 715 4032 maximi
739 3964 873 4032 termini
898 3972 1098 4057 argumento
1125 3988 1168 4027 ε

567 4108 1233 4226 ‹niem-oaorem

112 4251 115 4255 ’
169 4280 258 4351 quae
290 4259 458 4350 quantitas
492 4264 598 4330 motui
627 4267 781 4361 perigaei
812 4266 930 4335 Lunae
961 4242 1114 4356 aequari¹
1132 4262 1242 4334 debet
1301 4263 1409 4334 Facta
1439 4285 1520 4335 vero
1543 4286 1632 4335 m:
1646 4288 1677 4354 o,

169 4383 336 4455 formulae
359 4395 420 4452 art.
445 4384 504 4459 31.
530 4386 696 4477 praebent

714 4531 1132 4650 (ownia

169 4681 332 4758 haberem
355 4688 460 4783 igitur
483 4709 585 4780 quam
607 4688 762 4785 proxime
820 4733 823 4738 -
