4254 5536
905 669 965 740 27.

278 821 329 892 Ut
369 822 585 912 aequationes
613 818 707 910 (49)
746 842 812 913 por
842 819 959 913 plures
995 816 1156 913 deinceps
1187 818 1497 912 approximatioues
1519 814 1692 915 'integrari

178 947 329 1040 possint,
355 956 492 1042 oportet
515 949 647 1017 valeres
674 947 929 1039 approximatos
954 946 1105 1038 ipsarum
1128 941 1182 1031 P,
1217 942 1251 1040 Q
1276 954 1310 1013 et
1333 941 1371 1013 Κ
1396 945 1438 1012 ab
1457 946 1601 1014 'nordio
1626 968 1691 1015 no-

177 1082 232 1142 tos
258 1096 347 1159 esse,
378 1096 520 1162 quornm
546 1072 783 1142 substitutione
813 1073 1032 1160 aequationes
1058 1070 1141 1160 (49)
1167 1076 1247 1163 post
1271 1070 1513 1165 integrationes
1538 1079 1692 1163 peractas

178 1199 311 1268 valores
344 1200 567 1270 accuratiores
600 1171 782 1269 earundem
814 1198 1040 1286 quantitatum
1073 1197 1304 1290 suppeditent.
1362 1195 1418 1266 Ad
1448 1197 1581 1266 valeres
1606 1197 1692 1267 tales
1726 1249 1728 1253 -
1812 1214 1817 1224 ·

179 1322 343 1392 eruendos
369 1323 624 1412 aequationibus
649 1322 916 1417 generalioribus
945 1320 1028 1412 (50)
1054 1333 1195 1391 utemur.

279 1449 477 1542 Deligornus
502 1449 665 1519 terminos
690 1450 840 1541 ipsarum
867 1447 903 1515 Ω
928 1456 962 1516 et
990 1441 1034 1514 dd
1058 1449 1101 1516 ab
1127 1449 1269 1517 arcubus
1295 1446 1382 1538 (πμ
1407 1456 1442 1516 et
1467 1438 1570 1535 (u'Jz'
1595 1444 1693 1514 iude·

178 1574 376 1668 pendentes.
428 1575 501 1643 lam
527 1576 607 1642 satis
634 1583 752 1642 uotum
778 1584 830 1642 est
853 1575 1014 1642 terminos
1039 1574 1104 1642 hos
1131 1574 1344 1643 solummodo
1371 1597 1413 1644 ex
1440 1572 1597 1643 distantia
1619 1592 1695 1641 mu·
1780 1617 1786 1631 -

178 1711 238 1770 tua
262 1703 313 1787 A,
347 1699 495 1790 quaein
526 1699 611 1793 ipsis
650 1699 686 1768 Ω
711 1710 746 1770 et
772 1699 818 1768 Ω
852 1700 1060 1786 continetur,
1094 1699 1188 1768 nasci
1218 1722 1337 1793 posse,
1373 1722 1478 1789 quare
1507 1718 1601 1790 pono
1631 1718 1697 1790 pro

179 1824 248 1895 hoc
274 1825 408 1895 calculo

182 2211 236 2279 Ex
268 2211 378 2277 forma
409 2229 489 2276 vero
521 2209 627 2301 ipsius
652 2209 685 2275 Δ
709 2209 746 2276 iu
771 2217 832 2276 art
857 2203 919 2284 25.
951 2210 1087 2280 inventa
1111 2210 1328 2282 menifestum
1353 2217 1423 2294 est,
1447 2206 1607 2279 terminos
1632 2205 1697 2273 hos

181 2370 218 2436 in
242 2369 319 2460 ipsa
339 2335 395 2473 -Ξ-
417 2366 518 2434 huius
544 2367 680 2470 formae·
700 2388 774 2435 esse
798 2367 924 2438 debere

782 2543 931 2632 ε-2μ
945 2535 1012 2612 sin²
1025 2541 1092 2637 {I

180 2693 240 2763 ubi
264 2713 280 2760 ε
305 2691 349 2760 ab
373 2690 593 2760 inclinatione
617 2687 645 2756 Ι
665 2688 911 2781 independens,
937 2704 972 2762 et
995 2717 1019 2782 μ
1044 2693 1146 2762 huius
1170 2694 1301 2761 formae
1326 2702 1388 2779 eat,
1412 2687 1551 2792 stirp„
1564 2682 1704 2783 ιίιᾚ

180 2815 299 2917 -i-pm
313 2808 381 2886 siu‘
401 2816 429 2910 ᾖ
450 2810 536 2912 1-1-
567 2826 630 2885 etc.
656 2815 717 2884 ubi
747 2837 798 2912 p„
832 2838 890 2914 pn,
932 2826 996 2884 etc.
1029 2817 1072 2885 ab
1108 2814 1138 2885 I
1164 2817 1434 2912 independentes
1465 2829 1560 2901 sunt,
1604 2827 1639 2886 et
1669 2839 1702 2912 u,

186 2944 375 3013 necessario
400 2943 571 3032 quantitas
595 2943 745 3035 positiva
771 2951 832 3010 est
882 2942 1114 3032 Aequationes

658 3089 695 3157 P
717 3114 764 3154 =
791 3090 1202 3185 2sin31sintN-v)

660 3212 765 3311 9:
790 3217 1202 3312 emesenus-v)
1342 3200 1344 3210 ’

183 3366 407 3464 suppeditant
432 3343 482 3433 Ρ
498 3358 544 3454 4
558 3355 608 3460 9²
623 3391 670 3432 ε..-
685 3364 713 3441 li
728 3363 796 3439 sin'
811 3368 895 3464 41,
918 3372 1035 3460 itaque

810 3504 820 3529 Ι

608 3558 714 3627 ⁶2=
744 3535 1300 3663 Lae-snmus

742 3618 851 3686 snam

607 3715 1301 3870 s'=-''‘—÷{÷-ssu²²so²>}

740 3826 848 3896 M÷m

187 3961 300 4046 anrn
324 3959 361 4026 in
385 3958 529 4045 calculo,
552 3983 653 4050 quern
678 3949 748 4030 hoc
773 3965 851 4034 loco
876 3988 1091 4064 peragemus,
1114 3992 1138 4060 μ
1162 3976 1318 4037 constans
1344 3966 1472 4043 censeri
1498 3967 1617 4058 possit,
1643 3988 1701 4034 ae-

186 4085 362 4175 quationes
387 4086 631 4176 praecedentes
658 4089 910 4162 subministrant
1045 4120 1047 4125 ⁴

189 4669 307 4739 Posita
347 4684 523 4758 constante
553 4701 595 4765 a,
636 4702 738 4770 qnam
771 4679 808 4748 in
839 4691 899 4751 ort.
926 4687 961 4756 2.
995 4682 1086 4754 Sect.
1123 4683 1151 4752 1.
1185 4678 1461 4769 introduximus,
1488 4687 1609 4754 unitati
1644 4633 1702 4754 ae-

189 4796 304 4885 quali,
328 4797 472 4871 habetur
