4254 5536
909 351 976 427 vu

186 569 267 628 uum
282 552 465 624 methodus
479 545 665 641 praecipue
679 565 720 614 eo
742 542 912 630 consistit,
938 542 1031 631 quod
1052 549 1207 633 tempus,
1233 543 1343 612 unitas
1360 565 1424 634 per
1447 542 1580 611 radium
1593 552 1708 612 vecto-

185 709 316 779 remed
334 703 530 797 eclipticam
544 699 733 792 proiectum
747 696 856 765 divisa
868 704 902 764 et
916 704 1058 789 tangens
1076 695 1263 763 latitudinis
1283 718 1398 764 versus
1420 694 1613 786 eclipticam
1631 704 1708 764 tan-

186 884 290 953 quam
314 857 505 928 functiones
529 850 750 944 longitudinis
772 872 872 919 verae
892 848 938 918 ad
953 847 1145 939 eclipticam
1163 849 1338 939 proiectae
1356 845 1567 919 exhibentur.
1617 847 1709 917 Hinc

186 1036 268 1085 vero
294 1013 423 1081 factum
441 1016 509 1093 est,
533 1013 571 1073 ut
593 1003 809 1072 coordinatus
825 1003 935 1088 Solis,
960 1023 1048 1092 quae
1068 1000 1226 1089 quidem,
1252 1008 1415 1089 quatenus
1432 1000 1468 1071 in
1483 1009 1577 1070 motu
1591 1001 1710 1075 Lunae

186 1168 256 1237 vim
284 1164 423 1247 habeut,
449 1157 681 1250 expressiones
704 1179 806 1247 quam
831 1154 1099 1246 simplicissimae
1124 1162 1219 1239 sunt,
1250 1175 1313 1245 per
1341 1153 1591 1245 longitudinem
1612 1153 1709 1222 illam
1792 1177 1797 1184 ·

187 1320 305 1387 Lunae
325 1310 566 1406 exprimendae
587 1312 663 1396 siut,
688 1310 780 1379 unde
798 1309 943 1376 formam
966 1307 1151 1376 admodum
1168 1306 1372 1398 implicitam
1393 1306 1582 1397 accipiunt3
1606 1327 1709 1397 prae·

186 1479 298 1553 terea,
334 1465 587 1556 computatione
610 1463 902 1555 perturbationum
920 1468 1076 1553 peracta,
1102 1461 1222 1546 series,
1248 1482 1334 1548 quae
1356 1465 1490 1549 tempus
1511 1482 1575 1550 per
1593 1458 1704 1549 lougi-

185 1621 339 1690 tudinem
354 1619 451 1686 illum
467 1639 665 1708 expressum
680 1615 895 1708 suppeditat,
920 1612 1137 1699 reverteuda,
1162 1613 1249 1680 etin
1269 1611 1417 1680 seriebus
1437 1610 1709 1701 perturbationes

186 1773 392 1861 reliquarum
420 1771 690 1838 coordinatorum
719 1767 954 1836 exhibentibus
984 1768 1062 1834 loco
1083 1767 1175 1833 illius
1204 1762 1425 1857 longitudinis
1447 1764 1617 1855 expressio
1639 1762 1710 1831 eius
1827 1748 1828 1752 ¹

185 1947 249 2017 per
270 1933 405 2015 tempus
427 1920 659 1991 substituenda
682 1928 742 1990 est.
793 1920 890 2004 Quae
906 1919 1115 1987 conditiones
1129 1918 1420 2009 perturbationum
1432 1916 1552 1985 Lunae
1566 1936 1711 2007 compu-

185 2076 331 2143 tationes
355 2073 540 2143 secundum
558 2027 652 2141 hauc
672 2033 872 2139 methodum
897 2071 976 2137 satis
993 2069 1116 2161 longas
1127 2070 1285 2138 reddunt.
1334 2069 1390 2136 lll
1406 2068 1612 2141 Damoiseau
1629 2091 1712 2136 evo-

189 2226 333 2292 lutiones
349 2225 534 2312 analyticas
552 2224 596 2290 ud
610 2223 766 2292 ultimum
780 2224 884 2290 finem
904 2243 974 2289 non
989 2221 1168 2312 produxit,
1194 2221 1253 2288 sed
1268 2220 1434 2288 methodo
1449 2220 1713 2290 coeflicientium

189 2373 524 2442 indeterminatorum
553 2371 689 2456 eadem,
730 2396 797 2459 qua
829 2374 879 2441 in
918 2371 1070 2439 Clairaut
1096 2381 1130 2439 et
1151 2373 1304 2463 Laplace
1330 2372 1383 2439 usi
1404 2379 1514 2455 erum,
1549 2373 1712 2460 adhibito,

189 2525 405 2614 aequationes
420 2522 540 2590 mixtas
555 2529 638 2613 post
650 2521 783 2589 valores
798 2521 986 2589 numericos
1010 2522 1252 2610 quantitatum,
1277 2545 1360 2610 quas
1374 2524 1565 2610 continent,
1591 2525 1714 2593 substi-

188 2685 279 2746 tutos
310 2675 459 2744 resolvit.
519 2674 693 2758 Quantum
723 2672 848 2740 laboris
876 2670 963 2739 haec
983 2672 1205 2764 problematis
1229 2671 1329 2740 huius
1352 2672 1505 2742 solvendi
1531 2674 1715 2745 methodus

187 2828 386 2922 poposcerit
409 2849 451 2896 ex
475 2825 758 2894 commentatione
779 2824 831 2893 ill
858 2824 1061 2892 Damoiseau
1083 2824 1234 2916 praemio
1252 2834 1371 2894 ornata
1394 2832 1429 2893 et
1449 2826 1486 2893 in
1504 2827 1600 2894 libri:
1632 2824 1715 2920 Me-

188 2981 310 3049 moires
335 2975 508 3070 presentes
527 3001 591 3070 par
613 2978 721 3046 divers
744 3001 862 3046 savaus
877 2945 1119 3046 etcssintitulati
1135 2976 1306 3046 volumine
1322 2978 1354 3045 1⁰
1367 2979 1460 3070 typis
1476 3002 1597 3047 excusa
1607 2979 1714 3066 vides,

190 3141 225 3201 et
240 3140 358 3200 auctor
374 3154 453 3199 sane
472 3131 596 3199 laboris
613 3129 854 3222 compendium
870 3129 933 3199 sibi
948 3152 1018 3198 non
1032 3130 1295 3215 conciliavisset,
1321 3131 1348 3198 si
1366 3131 1574 3200 evolutiones
1594 3131 1714 3223 analy-

189 3284 270 3351 ticas
297 3283 341 3350 arl
364 3283 519 3351 ultimum
540 3283 645 3350 finem
670 3283 893 3374 perduxisset.
942 3283 998 3350 Ill.
1023 3283 1131 3351 Plana
1144 3284 1181 3350 in
1194 3304 1299 3375 opere
1316 3305 1376 3350 suo
1391 3283 1435 3350 de
1448 3278 1716 3355 theoriaLunae

78 3451 79 3455 ’
189 3435 385 3528 nuperrime
409 3434 502 3502 edito
525 3433 667 3503 eandem
687 3436 760 3502 fere
781 3435 982 3502 methodum
1004 3435 1179 3523 adhibuit,
1206 3434 1416 3503 evolutiones
1436 3437 1716 3529 vero'aualytioss

188 3610 294 3677 usque
317 3557 509 3679 admotam
531 3587 709 3679 produxit3
745 3587 806 3654 sed
829 3609 897 3654 non
923 3587 1062 3656 dubium
1087 3594 1154 3673 est,
1181 3588 1263 3676 quin
1279 3587 1349 3656 hoc
1371 3590 1592 3681 computandi
1612 3589 1716 3662 modo

193 3737 306 3806 adhuc
330 3739 410 3830 plus
432 3739 558 3807 laboris
584 3739 648 3805 sibi
663 3740 903 3807 conciliaverit.
953 3740 1093 3809 Praeter
1114 3738 1202 3807 haec
1226 3739 1270 3808 de
1285 3738 1417 3809 theoria
1429 3742 1547 3811 Lunae
1563 3742 1718 3811 confecta

192 3910 314 3980 opera,
338 3890 388 3956 ill.
415 3890 560 3958 Poissou
590 3912 653 3958 nec
672 3913 741 3957 non
762 3890 811 3958 ill.
833 3890 978 3959 Lubock
1001 3891 1164 3960 formulas
1186 3901 1293 3980 notas,
1315 3894 1434 3982 quibus
1449 3895 1717 3985 perturbationes

192 4038 387 4108 immediate
405 4040 441 4107 iu
457 4042 631 4110 fimctione
645 4043 807 4134 temporis
823 4045 1072 4135 exprimuntur,
1093 4043 1137 4112 ad
1154 4044 1427 4136 perturbationes
1441 4046 1559 4113 Lunae
1575 4069 1719 4138 compu-

192 4191 331 4278 tandas,
358 4198 392 4260 et
408 4191 546 4282 quidem
559 4195 620 4263 ille
633 4195 795 4264 formulas
810 4194 986 4303 variabilia
1001 4197 1167 4265 elementa
1191 4197 1345 4288 elliptica
1359 4197 1637 4289 suppeditantes,
1660 4198 1719 4266 hic

192 4343 275 4414 vero
303 4344 466 4413 formulae
497 4344 707 4418 coordinatas
735 4349 871 4442 polares
903 4348 1192 4419 subministrantes
1218 4356 1487 4443 proposuerunt,
1520 4358 1555 4418 et
1578 4360 1721 4442 uterque

193 4496 424 4566 evolutionem
448 4496 692 4588 analyticorum
712 4509 862 4593 tantum,
886 4511 1047 4594 quantum
1065 4502 1140 4573 fieri
1155 4502 1281 4595 possit,
1307 4501 1718 4574 extendendammconsi·

192 4650 274 4720 lium
288 4650 420 4761 cepisse
439 4649 584 4720 ridetur.
695 4709 696 4712 ,
