4254 5536
676 394 750 403 ...-.
803 346 1585 436 --„·--m-mfflm·mnwm
1684 390 1688 395 ·
1737 386 1809 397 ·-···
1863 384 1950 395 -·-·=

536 568 615 638 Non
640 568 742 638 modo
767 590 893 636 massas
919 576 1064 658 quatuor
1085 590 1270 662 corporum
1295 590 1359 660 per
1383 564 1437 651 M,
1463 586 1517 649 m,
1543 555 1599 649 m',
1625 564 1695 649 m‘',
1721 585 1741 630 e
1766 561 1887 652 quibus
1912 557 1962 629 M

435 692 484 762 ad
508 718 630 788 corpus
654 694 862 786 primarium,
889 694 960 764 sire
985 695 1030 762 ad
1055 717 1190 787 corpus,
1217 696 1344 762 circum
1368 691 1461 782 quod
1485 689 1619 759 relativi
1643 688 1853 777 reliquorum
1878 709 1958 754 cor-

437 841 562 912 porum
594 829 704 887 motus
728 792 963 914 ¹investigandi
996 827 1093 902 sunt,
1133 819 1299 911 pertinet,
1333 819 1540 912 designabo,
1575 815 1636 884 sed
1661 815 1763 883 etiam
1788 813 1960 903 quantita·

437 953 489 1014 tes
514 945 678 1033 reliquas,
705 944 825 1034 quibus
850 954 1002 1032 utemur,
1027 944 1149 1013 iisdem
1173 945 1295 1013 litteris
1322 955 1423 1034 atque
1448 946 1484 1012 in
1509 941 1722 1011 Sectionibns
1747 936 1959 1032 praeceden-

438 1066 547 1155 tibus,
580 1081 638 1139 aut
663 1070 814 1156 nullum,
842 1078 907 1159 ¹aut
932 1092 1053 1156 unum,
1086 1077 1145 1137 aut
1170 1069 1238 1137 dno
1264 1072 1441 1138 commatis
1468 1071 1566 1162 signa
1592 1066 1757 1158 affigens,
1788 1085 1856 1154 qno
1882 1086 1961 1131 eor-

436 1216 523 1286 pus,
559 1196 604 1263 ad
629 1196 721 1285 quod
746 1195 814 1263 hae
837 1197 1042 1284 quantitates
1068 1202 1242 1286 spectent,
1277 1197 1464 1282 indicetur,
1504 1181 1685 1263 denotabo.
1745 1191 1787 1259 ln
1810 1188 1879 1257 hoe
1904 1197 1961 1257 ta-

437 1341 518 1388 men
556 1343 578 1388 ι
616 1322 863 1415 significatione
904 1322 940 1389 in
984 1320 1203 1412 praecedenti
1241 1322 1360 1390 Lunae
1400 1321 1534 1390 theoria
1575 1318 1729 1388 adhibita
1777 1313 1962 1409 digrediar,
2006 1296 2008 1300 Α

436 1446 531 1536 quod
571 1448 648 1515 loeo
689 1449 915 1537 quantitatum
946 1467 1013 1536 ny,
1053 1468 1120 1532 ιιι,
1160 1468 1225 1538 oq,
1269 1454 1332 1514 etc.
1369 1453 1404 1513 et
1445 1446 1604 1514 similium
1637 1442 1682 1512 ad
1718 1442 1848 1530 reliqua
1883 1463 1960 1509 cor·

438 1591 527 1663 pora
552 1574 777 1662 spectantium
800 1572 890 1640 infra
909 1546 1102 1665 'simplicius
1125 1596 1170 1664 y,
1193 1595 1233 1658 α,
1257 1564 1298 1664 q,
1325 1579 1411 1658 ete,
1444 1571 1666 1641 commatibus
1692 1568 1815 1637 debitis
1839 1567 1962 1653 arnna,

441 1718 583 1787 ponam.

539 1821 679 1889 Praeter
704 1820 928 1911 quantitates,
954 1843 1042 1910 quae
1066 1822 1281 1917 potissimum
1307 1762 1369 1889 ιιι
1375 1845 1479 1891 unmn
1504 1844 1628 1913 corpus
1653 1826 1827 1911 spectant,
1853 1840 1964 1907 quan·

440 1943 554 2014 titates
578 1946 624 2013 ad
649 1947 717 2015 duo
743 1969 889 2040 corpora
913 1945 1113 2019 relationem
1133 1948 1304 2016 habentes
1331 1946 1493 2033 aderunt,
1532 1969 1620 2036 quae
1652 1946 1702 2012 ita
1733 1944 1964 2037 designabun-

440 2078 530 2183 tur,
540 2079 593 2173 ιιι
624 2095 788 2167 numerus
815 2079 1022 2143 commatum
1054 2094 1210 2145 summae
1238 2071 1388 2167 litterae
1403 2074 1583 2155 afliuororn
1616 2072 1745 2177 indicet
1752 2092 1912 2185 corpuq
1917 2068 1985 2138 ad·

443 2197 536 2264 cuins
562 2178 694 2268 motum
717 2200 908 2290 pertinent,
935 2205 970 2266 et
995 2174 1151 2265 numerus
1178 2199 1419 2310 commatum
1409 2180 1499 2268 unae
1524 2178 1659 2267 litterae
1678 2168 1863 2265 afflictum
1887 2217 1971 2264 cor-x

442 2343 508 2412 pus
535 2324 678 2393 alterum
702 2325 905 2392 relationem
928 2320 1109 2391 habens.''
1124 2336 1127 2340 “

543 2445 591 2513 Ει
623 2472 754 2517 massae
785 2450 1041 2543 perturbantes,
1085 2455 1120 2514 et
1152 2447 1417 2517 excentricitates
1443 2448 1746 2535 inclinationesqne
1770 2455 1907 2515 mutuae
1931 2447 1967 2514 in
1999 2521 2002 2527 ,
2041 2433 2048 2449 ’

443 2552 661 2658 sequentibus
687 2577 893 2664 quantitates
919 2575 1083 2667 parvulae
1107 2574 1210 2665 primi
1235 2573 1363 2642 ordinis
1389 2576 1620 2665 appellantur,
1646 2544 1740 2663 quod
1764 2570 1965 2653 ita-intelli-

443 2695 596 2785 gendum
623 2708 690 2782 est,
722 2708 761 2765 ut
784 2699 852 2767 hae
878 2701 1081 2787 quantitates
1108 2721 1177 2768 non
1201 2699 1344 2766 maiores
1372 2722 1446 2766 esse
1473 2699 1637 2785 debeant,
1674 2706 1838 2788 quamut
1863 2696 1974 2777 series¹

443 2818 628 2906 infinitae,
653 2823 694 2889 in
713 2845 798 2912 quas
822 2823 991 2893 fonnulae
1015 2830 1167 2907 nostrae,
1210 2823 1344 2911 quoties
1368 2824 1604 2914 applicantur,
1644 2823 1852 2914 conivendae
1876 2829 1966 2910 sunt,

445 2950 684 3037 consurgant}
700 2973 705 2985 ¹
721 2947 985 3019 inclinationem
1011 2969 1093 3017 varo
1126 2940 1313 3019 orbitarum
1341 2970 1460 3017 vorsus
1496 2952 1639 3043 planum
1663 2948 1882 3044 proiectionis
1907 2970 1971 3018 seu

383 3064 386 3069 ’
443 3068 708 3162 fanlame'ntala·
726 3074 915 3163 quamlibet
938 3073 1137 3165 etquidem
1161 3074 1386 3163 quantitatem
1408 3075 1541 3146 mitam
1567 3102 1660 3163 essa,
1693 3079 1731 3146 in
1758 3077 1969 3164 subsequam

444 3195 545 3281 ubas.
560 3187 633 3264 non
653 3198 764 3267 minus
790 3222 894 3287 quam
915 3183 953 3266 in
977 3170 1261 3290 praecedentibus
1286 3201 1504 3292 supponitur.
1562 3204 1747 3274 Brevitatis
1778 3204 1895 3269 caussa
1928 3202 1972 3268 ira

442 3321 727 3411 subseqnentibus
752 3324 916 3392 formulas
941 3323 989 3392 ad
1013 3331 1158 3417 corpo'ra
1181 3316 1227 3391 m'
1252 3333 1355 3414 atque
1377 3331 1430 3394 m“
1456 3337 1648 3421 spectantes
1675 3329 1779 3422 saepe
1803 3347 1971 3417 suppres-

449 3448 731 3535 sarnmfpmnlss
756 3455 889 3516 tantum
910 3449 963 3517 ad-
982 3471 1021 3518 m
1046 3459 1239 3544 spectantes
1265 3458 1459 3542 apponam,
1486 3478 1529 3524 ex
1552 3454 1690 3545 quibus,
1707 3453 1853 3520 -mutati's
2044 3465 2052 3474 ’

459 3586 466 3607 ”
518 3597 841 3709 quantitatibus
866 3600 1040 3686 omnibus,
1065 3583 1284 3692 quaeadm
1309 3649 1317 3668 .
1344 3596 1492 3709 .ιιι’..
1519 3651 1528 3670 .
1555 3575 1833 3694 .‘m‘''sp0⁰l³11b
1923 3630 1959 3640 “’

559 3769 701 3875 Jesp
712 3748 749 3860 in
773 3747 977 3837 quantitates
1003 3749 1049 3819 ad
1238 3741 1285 3817 ιη’
1302 3798 1310 3817 .
1336 3800 1346 3819 .
1370 3744 1458 3823 ..ιιι”
1474 3802 1483 3820 .
1510 3802 1519 3820 .
1545 3803 1555 3824 .
1579 3776 1616 3822 ιιι
1657 3749 1877 3846 pertinentes,

318 3922 321 3926 ⁴
444 3895 616 3981 formulae
640 3918 705 3988 pro
720 3871 794 3982 ssa,
821 3903 856 4009 et
878 3900 1098 3993 postquam
1088 3922 1124 3968 m
1147 3900 1203 3969 his
1230 3868 1371 3972 eaedem
1395 3876 1598 3975 mutationes
1623 3904 1737 3975 factae
1762 3912 1870 4017 erunt,
1895 3864 1967 4017 for·

358 4031 362 4038 '
448 3994 565 4097 millae
584 4000 652 4133 pro
677 4024 729 4135 nal
735 4044 892 4163 semper
917 4022 1156 4093 eliciuntur.

1076 4297 1347 4313 ψ
