4254 5536
422 543 536 629 Quum
560 565 640 612 vero
665 544 702 611 in
727 566 805 609 casu
830 563 889 627 eo,
915 542 972 610 ubi
998 543 1188 611 functiones
1214 541 1268 627 Λζ
1291 553 1325 611 et
1353 536 1402 628 Ξζ
1423 544 1472 611 ita
1497 544 1771 632 determinantur,
1797 557 1836 615 ut

321 669 589 758 perturbationes
623 669 667 736 ad
700 667 947 759 longitudinem
980 665 1126 735 mediam
1151 668 1330 737 addendae
1355 669 1439 756 sint,
1480 669 1517 737 in
1541 672 1837 765 approximatione

321 794 432 883 prima
455 795 552 865 nobis
578 785 792 864 statuendum
818 793 862 861 sit

884 932 958 1102 -t-
971 984 1089 1070 =1‚
1121 932 1320 1103 c=

319 1178 407 1243 sicut
434 1198 475 1244 cx
499 1174 633 1242 theoria
657 1183 772 1244 nostra
796 1175 1045 1266 planetarum
1035 1199 1102 1245 ram
1127 1184 1245 1245 notum
1268 1185 1337 1246 est:
1364 1178 1523 1246 assumtio
1538 1177 1626 1247 haec
1644 1194 1714 1247 non
1730 1181 1837 1250 modo

320 1301 607 1393 computationem
645 1301 937 1392 perturbationum
972 1302 1075 1394 primi
1116 1303 1261 1389 ordinis,
1301 1303 1362 1370 sed
1401 1302 1504 1370 ctiam
1546 1307 1837 1397 computationem

319 1426 610 1519 perturbationum
642 1427 797 1494 ordinum
829 1427 985 1495 altiorum
1020 1429 1262 1522 simpliciorem
1296 1428 1426 1515 reddit,
1463 1448 1569 1518 quare
1593 1433 1838 1502 assumtionem

320 1551 420 1619 bilius
446 1551 578 1618 articuli
603 1573 672 1619 non
698 1554 844 1645 amplius
870 1553 1035 1621 evolvam.

1045 1873 1104 1945 la.

419 2053 715 2121 Perturbationum
745 2052 790 2120 ad
821 2001 1071 2146 longitudinem
1102 2050 1250 2120 mediam
1275 2051 1564 2143 ¹applicandarum
1604 2057 1833 2150 computatio·

320 2203 398 2248 nem
424 2180 601 2266 evolvens,
627 2178 840 2269 quaedam”
817 2201 879 2266 us,
905 2203 992 2270 quae
1018 2188 1117 2247 antea
1142 2177 1186 2247 dc
1210 2176 1278 2245 hoc
1304 2189 1503 2271 argumento
1531 2181 1723 2276 divulgari,
1768 2206 1833 2276 ge·

320 2305 486 2374 neraliora
519 2306 677 2392 afferam,
720 2328 807 2394 quae
838 2305 884 2373 ad
914 2305 1197 2373 accuratissimam
1230 2304 1521 2396 perturbationum
1547 2296 1834 2431 computationem

320 2432 591 2521 consequendam
614 2432 751 2501 maximi
776 2430 937 2500 momenti
962 2439 1049 2498 sunt.

419 2559 692 2627 lieterminentur
717 2559 919 2649 quantitates
944 2580 964 2646 ρ
990 2564 1025 2625 et
1049 2578 1077 2646 φ
1102 2576 1166 2648 per
1191 2553 1406 2643 aequationes
1433 2553 1493 2623 iias

819 2706 912 2797 (aig
933 2732 979 2769 =
1006 2703 1155 2791 u-(e)
1182 2704 1234 2771 sin
1258 2724 1279 2770 u

750 2830 772 2920 ᾗ
796 2854 854 2899 cos
879 2831 909 2921 ᾧ
933 2857 980 2892 =
1005 2828 1064 2918 (a)
1090 2850 1148 2895 cos
1172 2849 1193 2895 c
1216 2865 1267 2878 -
1293 2827 1349 2917 (a)
1365 2827 1417 2918 (e)

753 2956 851 3045 pain
879 2957 907 3048 ᾧ
932 2983 978 3020 =
1005 2954 1357 3067 (stirs-'ffp-sino

318 3107 377 3175 ubi
403 3106 529 3175 lineola
554 3108 768 3199 superposita
792 3108 996 3196 quantitates
1021 3104 1090 3193 pet
1110 3107 1139 3194 ip
1163 3129 1186 3173 a
1209 3105 1451 3194 quantitatibus
1478 3106 1677 3199 simpliciter
1699 3130 1727 3197 p,
1744 3118 1779 3178 et
1804 3133 1832 3199 φ

319 3234 487 3307 denotatis
520 3233 700 3320 discernit,
739 3233 855 3322 itaquo
887 3232 965 3300 cin
990 3237 1004 3297 i
1031 3232 1227 3300 mutandam
1252 3254 1434 3303 essenon
1459 3232 1635 3326 designat,
1670 3243 1704 3303 et
1729 3233 1833 3335 ubic

319 3361 463 3451 angulus
489 3361 656 3430 auxiliaris
683 3369 717 3429 et
744 3359 827 3449 (a),
851 3356 903 3447 (e)
930 3366 1032 3446 atque
1057 3355 1112 3444 (a)
1138 3367 1330 3426 constantes
1356 3358 1493 3447 quidem
1528 3365 1621 3442 sunt,
1661 3358 1723 3427 scd
1755 3382 1831 3430 curn

186 3493 188 3496 ’
317 3483 487 3550 valoribus
512 3486 553 3552 iis
579 3507 664 3573 quos
691 3485 857 3553 elementa
883 3506 925 3568 a,
958 3504 979 3550 e
1003 3492 1037 3551 et
1061 3505 1086 3550 n
1110 3481 1255 3568 habent,
1276 3486 1317 3552 'si
1349 3483 1400 3550 vis
1424 3481 1625 3571 perturbans
1651 3487 1829 3570 emuescit,

318 3632 387 3678 non
411 3618 610 3702 congruunt.
662 3611 739 3680 Sint
763 3634 867 3704 porro
893 3618 1084 3677 constantes
1111 3607 1167 3697 (a)
1195 3621 1229 3677 et
1255 3607 1311 3699 (n)
1338 3607 1539 3698 aequatione
1564 3607 1629 3676 hac

813 3760 870 3850 (α)
896 3751 968 3850 ou
995 3785 1041 3822 =
1065 3754 1273 3854 sinim>

317 3935 470 4020 iunctae,
492 3933 552 4000 ubi
576 3944 615 4018 κ’,
640 3934 690 4000 nti
714 3934 750 3999 in
775 3931 933 4000 Sectione
957 3934 1084 4024 prima,
1121 3933 1351 4002 intensitatem
1377 3933 1428 4001 vis
1453 3934 1667 4023 attractivae,
1697 3938 1829 4027 quoties

282 4038 352 4128 'et
378 4059 538 4129 distantia
563 4067 598 4128 et
622 4081 735 4131 massa
757 4056 878 4129 unitati
902 4057 1060 4146 aequales
1086 4062 1182 4144 sunt,
1207 4057 1356 4128 denotat
1406 4057 1504 4129 Pono
1531 4081 1620 4139 nuuc
1728 4098 1733 4104 ·
1807 4101 1812 4108 ·

914 4223 1213 4325 Λζεῷ-ὶ-στ

914 4352 1109 4446 sc=u

317 4532 376 4602 ubi
400 4545 425 4598 u
450 4554 585 4622 qnoque
610 4546 766 4607 constans
792 4543 854 4621 est,
880 4541 914 4603 ct
938 4533 1034 4622 quasi
1060 4530 1306 4626 longitudinem
1331 4538 1483 4632 perigaei
1509 4536 1673 4630 designat
1737 4535 1826 4606 uim

316 4659 412 4729 nobis
439 4658 501 4725 crit
