4254 5536
155 4833 167 4876 i

891 327 946 415 at
1249 363 1261 398 ο

158 560 217 630 aar
248 556 434 630 nomam
467 560 520 621 ee
551 550 773 641 quantitatem
810 546 858 616 W
885 546 979 640 ipsa
1003 567 1058 636 a„
1081 568 1137 638 y„
1163 566 1196 637 ι,
1230 514 1300 613 nin
1333 544 1514 614 cononem,
1573 541 1666 613 111„

159 685 419 756 differentiando
445 679 658 748 inveniuntur

360 814 1129 978 tibimiri]
1038 811 1390 964 ill-ties

363 1005 813 1151 (ab
656 1011 749 1150 ιι)
768 1003 1132 1165 uetiam(
1040 997 1390 1260 uqa-ties

1189 1332 1287 1399 ellel)

161 1342 295 1465 Quodsi
315 1356 532 1465 aequationes
544 1372 638 1441 hae
628 1395 664 1440 rn
679 1371 796 1440 valore
812 1369 1064 1463 praecedenti'
1053 1368 1241 1478 ipsius
1192 1409 1285 1419 --
1320 1363 1576 1448 substituuntur,
1598 1368 1667 1451 tcrf

162 1535 245 1608 mini
268 1556 386 1605 omnes
414 1538 635 1619 evanescunt,
666 1535 780 1621 itaque
804 1531 846 1598 fit

764 1673 786 1734 d
802 1674 849 1747 (a,
866 1672 898 1746 b)

764 1740 1016 1785 ——-=0

812 1779 847 1841 dt

126 1919 128 1922 ’
163 1925 199 1986 et
223 1913 345 2017 eodem
368 1914 473 1982 modo
499 1913 748 1983 demonstrabit
772 1936 847 1982 csse

566 2055 649 2132 dm,
662 2058 694 2127 ci
713 2125 795 2172 ⁰
854 2054 934 2129 dll
950 2055 982 2131 ο)

615 2160 650 2223 dt
713 2154 759 2168 '—
818 2153 828 2192 ’
901 2160 937 2222 dt

164 2287 256 2361 unde
294 2290 444 2378 seqnitur
474 2295 678 2381 quantitates
712 2292 766 2383 (a,
798 2292 857 2385 b),
900 2303 963 2363 etc.
1002 2302 1137 2384 tempus
1179 2290 1339 2383 explicite
1377 2309 1446 2357 non
1488 2283 1672 2354 continere.

166 2417 282 2502 Quum
303 2437 385 2484 vero
409 2416 613 2504 quantitates
639 2417 707 2485 hae
732 2426 866 2510 tempus
891 2442 962 2486 non
986 2419 1191 2501 contineant,
1216 2417 1312 2507 ipsae
1340 2411 1391 2507 [α,
1406 2408 1455 2504 b],
1483 2421 1546 2480 etc.
1572 2409 1673 2480 ctiam

163 2550 300 2634 tempus
326 2538 497 2610 continere
524 2563 595 2610 non
616 2551 772 2637 possunt

855 2122 1111 2189 ---=o‚
1138 2108 1203 2171 etc.
1231 2107 1297 2169 etc.

894 2865 956 2938 la.

214 3093 219 3099 -
248 3046 367 3131 'Quae
401 3047 479 3111 sunt
510 3048 683 3109 momenta
716 3042 903 3134 praecipua
936 3039 1092 3110 methodi
1117 3039 1308 3109 variationis
1334 3037 1558 3106 constantium
1582 3035 1673 3130 arbi·

169 3171 365 3255 maiarum,
390 3167 499 3257 qualis
524 3165 567 3235 ab
592 3166 642 3234 ill.
668 3166 850 3261 Lagrange
877 3166 1028 3258 expolita
1054 3174 1115 3235 est.
1172 3167 1287 3252 Quum
1312 3166 1489 3258 problema
1513 3170 1675 3248 nostrum,

170 3299 257 3367 sicut
280 3295 495 3390 problemata
519 3293 696 3383 complura
720 3293 964 3380 Mechanicac,
990 3292 1026 3359 in
1051 3314 1093 3360 eo
1120 3294 1289 3376 consistat,
1314 3301 1353 3358 nt
1377 3300 1435 3359 aut
1460 3264 1676 3357 coordinatac

171 3426 222 3511 a,
244 3446 289 3513 p,
321 3427 373 3508 z,
392 3412 438 3505 ω’,
461 3410 507 3508 p',
532 3411 574 3504 κ’,
608 3427 671 3486 etc.
704 3428 761 3485 ant
793 3418 1010 3487 coordinatae
1042 3439 1224 3511 corporum
1249 3417 1315 3483 alio
1341 3415 1489 3505 quodam
1513 3415 1617 3484 modo
1640 3415 1676 3483 in

170 3548 283 3642 'spatio
309 3547 392 3615 sitae
415 3545 451 3611 in
476 3544 651 3612 functione
675 3545 838 3636 temporis
864 3543 1103 3612 exhibeantur:
1129 3544 1275 3635 primum
1299 3520 1524 3634 integratione
1550 3563 1675 3633 aequa·

172 3675 302 3741 tionum
327 3670 410 3760 (18)
436 3668 655 3737 coordinatae
678 3670 715 3737 in
739 3669 914 3738 functione
938 3670 1103 3760 temporis
1128 3680 1163 3736 et
1188 3670 1411 3758 quantitatum
1437 3690 1472 3757 a,
1499 3666 1530 3757 b,
1557 3691 1586 3756 c,
1612 3674 1674 3736 etc.

130 3854 134 3882 ,
173 3808 348 3884 eruuntur,
374 3806 408 3865 et
433 3795 559 3863 deinde
584 3794 810 3886 integratione
835 3796 1073 3886 aequationnm
1099 3792 1181 3884 (25)
1207 3795 1410 3885 quantitates
1437 3817 1472 3881 a,
1498 3794 1530 3882 b,
1557 3817 1586 3881 c,
1612 3802 1675 3861 etc.

174 3923 210 3991 in
233 3922 405 3990 functione
429 3921 593 4012 temporis
619 3920 837 4008 exhibentur,
862 3921 955 3989 unde
981 3922 1143 4012 denique,
1168 3922 1250 4014 ipsis
1277 3944 1319 4009 a,
1346 3918 1384 4007 b,
1412 3942 1447 4008 c,
1475 3932 1537 3990 etc.
1565 3919 1675 3987 elimi-

73 4049 77 4055 “
173 4047 281 4133 natis,
315 4046 529 4114 coordinatae
564 4048 599 4115 in
630 4047 804 4115 functione
837 4047 1000 4139 temporis
1027 4049 1189 4140 explicita
1214 4050 1401 4118 eliciuntur.
1453 4051 1550 4133 Quae
1574 4047 1677 4140 igitur

173 4172 374 4257 methodus,
412 4180 590 4261 praeterea
614 4174 709 4264 quod
734 4173 771 4241 in
795 4174 1026 4264 applicatione
1052 4176 1097 4243 ad
1131 4185 1278 4266 systema
1303 4186 1453 4244 nostrum
1478 4174 1597 4241 Solate
1622 4175 1676 4242 in-

176 4296 348 4369 commodi
381 4296 480 4385 quid,
513 4296 597 4364 olim
621 4323 642 4366 a
666 4322 723 4368 me
757 4297 936 4390 explicati,
967 4297 1091 4387 habet,
1123 4325 1188 4394 per
1219 4303 1378 4392 ambages
1404 4297 1448 4363 ad
1474 4298 1676 4368 solutionem

174 4423 398 4519 problematis
423 4421 590 4513 perducit.
626 4423 714 4492 Nam
739 4425 957 4493 coordinatae
977 4425 1204 4496 iniunctione
1224 4426 1384 4517 explicita
1402 4426 1563 4516 temporis
1579 4425 1676 4493 exhi-

176 4549 328 4635 bendae,
352 4570 469 4616 revera
492 4547 529 4615 in
552 4547 729 4615 iunctione
752 4552 916 4643 temporis
943 4560 977 4619 et
1002 4554 1225 4642 quantitatum
1251 4569 1291 4634 a,
1318 4545 1349 4635 b,
1377 4557 1458 4636 etc,
1485 4573 1572 4641 quae
1595 4553 1675 4620 fun-

175 4678 308 4748 ctiones
332 4674 519 4769 inplicitae
543 4673 717 4768 temporis
731 4684 825 4764 sunt,
851 4678 1059 4752 exhibentur.
1110 4677 1166 4746 En
1183 4683 1264 4747 v'ero
1279 4676 1381 4748 huius
1394 4677 1548 4749 methodi
1561 4699 1676 4748 emen-
