4254 5536
172 584 209 652 in
231 542 338 689 (ἐξ)
365 580 546 654 terminum
570 589 781 652 constantem
805 577 978 671 prolerre,
1002 579 1038 647 in
1061 571 1145 671 ipsis
1172 538 1278 698 (3-2)
1308 581 1343 640 et
1381 543 1410 680 (
1549 590 1552 596 ·
1672 612 1690 625 -

174 737 302 805 minum
337 741 548 803 constantem
579 733 722 802 existere
754 750 823 797 uon
854 750 967 821 posse.
1024 730 1209 823 Expressiu
1233 726 1336 820 igitur
1368 729 1475 820 ipsius
1502 725 1555 796 dI
1573 728 1609 795 in
1635 749 1690 794 se·

176 862 260 931 rienr
291 859 459 931 evolvitur
490 859 588 927 huius
620 857 752 926 formae
783 853 821 924 A
844 856 895 924 sin
920 851 1136 950 (ηε-ΗΜ,
1169 855 1343 948 expressio
1366 856 1472 946 ipsius
1497 836 1552 944 dp
1574 855 1612 922 in
1634 874 1691 922 se-

173 987 258 1056 riem
288 985 389 1054 huius
420 986 551 1052 formae
581 979 644 1049 tot
661 983 703 1068 ·Ι-
720 979 755 1048 Β
772 1004 830 1050 cos
847 981 1002 1076 (pt-l-d)
1012 982 1052 1050 dt
1076 993 1111 1052 et
1138 981 1310 1075 expressio
1340 981 1447 1072 ipsius
1481 980 1534 1060 dri
1565 981 1601 1047 ln
1633 1002 1689 1047 se-

175 1113 259 1180 riem
283 1111 383 1178 huius
410 1110 539 1177 formae
563 1105 628 1175 odo
648 1108 689 1187 ψ
706 1103 744 1172 D
762 1129 819 1175 cos
837 1102 949 1202 (pti-¹
966 1107 1074 1196 o)dr‚
1108 1107 1167 1174 ubi
1191 1104 1245 1191 A,
1273 1104 1326 1190 B,
1352 1104 1406 1190 D,
1432 1128 1472 1198 η,
1498 1105 1537 1189 d,
1560 1103 1582 1173 b
1607 1104 1691 1175 etb

105 1318 107 1323 Ι
176 1245 368 1305 constantes
396 1246 488 1318 sunt,
514 1234 635 1324 quibus
660 1218 813 1301 conditio
837 1232 942 1320 inest,
973 1247 1011 1302 ut
1035 1255 1100 1326 pro
1128 1249 1211 1327 ηε
1226 1253 1247 1302 ο
1270 1230 1333 1300 fist
1356 1229 1393 1300 A
1404 1257 1448 1293 z
1461 1228 1546 1298 B:
1556 1228 1594 1297 D
1605 1257 1649 1294 ::
1660 1251 1688 1298 o.

180 1359 442 1456 Approximatio
467 1360 571 1454 igitur
593 1359 704 1450 prima
731 1359 928 1451 suppeditet

620 1508 648 1577 Ι
676 1535 723 1572 ..··:
747 1503 1068 1610 EApcosbpl-d)

620 1659 649 1726 φ
673 1661 719 1698 =
744 1609 1166 1736 awannam)

620 1761 649 1842 ab
673 1787 720 1824 τε
744 1757 938 1861 dol-PH),
955 1754 1176 1855 8ἱ11(ηῐ·Ι-ὅ)Ι

192 1971 194 1976 ⁴
272 1911 472 1981 Substitutis
503 1909 558 1979 his
591 1911 762 1981 valoribus
795 1913 832 1981 in
864 1912 1158 2006 approximatione
1189 1904 1338 1978 secunda
1370 1927 1438 1999 ope
1472 1905 1692 1999 theorematis

174 2034 376 2128 Tayloriani
400 2036 436 2103 iu
460 2036 715 2140 aequatiouibus
743 2034 844 2128 (45),
882 2061 952 2107 non
976 2037 1081 2107 modo
1105 2058 1134 2128 φ
1159 2028 1194 2103 et
1217 2032 1246 2116 d
1270 2032 1333 2103 sed
1357 2035 1458 2103 etiam
1482 2030 1511 2099 Ι
1529 2035 1689 2102 terminos

65 2210 66 2215 κ
170 2183 236 2253 per
262 2169 398 2250 tempus
422 2160 536 2250 ipsum
560 2163 805 2256 multiplicatos
831 2164 1069 2248 continebunt,
1111 2168 1146 2228 ct
1180 2157 1300 2227 eadem
1323 2154 1453 2224 ratione
1478 2158 1689 2255 intelligitur,

173 2286 210 2354 in
250 2282 519 2376 expressionibus
560 2284 712 2376 ipsarum
743 2287 764 2373 ζ
794 2297 894 2380 atque
924 2291 946 2380 β
978 2289 1015 2357 in
1048 2281 1341 2381 approximatione
1378 2282 1526 2354 secunda
1557 2287 1689 2358 valeres

174 2408 418 2503 praecedentes
451 2409 602 2499 ipsarum
635 2434 662 2500 φ
698 2420 800 2502 atque
823 2411 852 2495 ab
875 2415 1036 2482 terminos
1061 2435 1125 2504 per
1149 2420 1284 2502 tempus
1308 2409 1422 2500 ipsum
1445 2412 1689 2505 multiplicatos

171 2534 422 2603 introducturos
449 2555 531 2601 esse.
582 2536 652 2621 Qui
675 2538 809 2606 termini
833 2559 950 2607 omnes
976 2543 1175 2608 amoventur
1198 2532 1417 2627 adiungendo
1442 2517 1556 2603 statim
1571 2537 1607 2604 in
1623 2561 1688 2631 ap-

174 2658 422 2753 proximatione
451 2661 563 2750 prima
594 2654 631 2729 ist
663 2662 708 2730 ad
740 2686 769 2753 φ
802 2673 836 2732 et
865 2662 906 2732 bt
930 2662 976 2732 ad
999 2661 1036 2745 ab.
1094 2658 1165 2729 Sed
1192 2654 1283 2727 aliud
1307 2660 1561 2729 incommodum
1584 2686 1690 2756 grave

174 2791 331 2852 nascetur
355 2784 541 2854 factoribus
567 2795 650 2880 cotg
673 2786 702 2855 Ι
721 2797 824 2879 atque
848 2810 949 2875 cosec
975 2778 1008 2872 Ι,
1034 2783 1093 2876 qui
1117 2779 1153 2852 iu
1178 2784 1449 2876 expressionibus
1468 2786 1619 2877 ipsarum
1635 2787 1690 2881 dap

174 2926 277 3007 atque
311 2916 364 3000 dd
397 2921 629 3008 continentur,
678 2932 712 2991 et
744 2924 780 2992 in
810 2922 1107 3016 approximatione
1140 2918 1289 2988 secunda
1323 2919 1468 2987 factores
1500 2956 1552 2972 -
1588 2882 1690 2970 -Η-

377 3034 411 3087 dl
423 3053 467 3087 coa
481 3038 498 3088 1
1596 2976 1681 3029 nm

175 3085 277 3165 atque
301 3112 353 3125 —
376 3109 488 3181 Ἡ
516 3080 747 3169 praebebunt,
780 3105 800 3150 e
831 3082 953 3171 quibus
978 3087 1122 3173 propter
1145 3077 1324 3170 parvulam
1348 3077 1479 3146 orbitae
1502 3079 1621 3151 Lunae
1644 3082 1690 3156 ao

71 3269 73 3282 ·
173 3226 319 3294 orbitam
354 3225 445 3295 Solis
478 3228 730 3298 inclinationem
761 3234 896 3302 termini
926 3229 1107 3324 permagni
1138 3227 1307 3322 prodituri
1341 3236 1437 3313 sunt,
1467 3230 1526 3318 qui
1557 3232 1593 3297 iu
1624 3255 1690 3324 ap-

173 3350 475 3444 proximationibus
512 3355 789 3447 subsequentibus
821 3357 1033 3427 instituendis
1074 3356 1177 3425 series
1213 3354 1498 3445 divergentes
1531 3354 1692 3441 efficient

175 3473 273 3564 Quae
298 3501 403 3567 quum
425 3479 473 3548 ita
498 3483 582 3567 siut,
621 3504 760 3550 necesse
785 3493 837 3552 est
860 3481 1170 3551 transformationes
1196 3477 1466 3564 introducantur,
1501 3478 1690 3572 dequibus

174 3601 210 3670 in
235 3604 384 3674 articulis
410 3605 627 3696 sequentibus
654 3627 765 3676 sermo
791 3609 863 3677 erit.

901 3803 962 3875 25.

275 3925 353 3996 Sint
1750 4020 1753 4025 ‚

227 4069 898 4170 n4u'-(‹p†d]-2(n)at=2N
928 4130 937 4167 ‚
972 4069 1628 4172 n—d-(tp-d)†2(n)r2t=21l

179 4225 239 4296 ubi
263 4224 466 4314 quantitates
492 4248 515 4292 α
539 4234 574 4294 et
597 4251 621 4321 η
645 4232 759 4301 adhuc
783 4229 1061 4298 indeterminatae
1087 4237 1174 4298 sunt.
1225 4224 1423 4296 Substitutis
1446 4227 1500 4294 his
1522 4227 1692 4300 valoribua

179 4351 218 4418 in
242 4350 459 4442 expressione
484 4351 590 4444 ipsius
616 4361 648 4420 A
672 4358 708 4424 in
734 4365 794 4424 art.
819 4377 935 4449 praec.
960 4354 1059 4443 data,
1084 4353 1308 4423 nanciscimur

178 4479 1691 4599 A²=s²ew÷s'202·s-ass'sv†e00s2÷100sff-s7÷(n)w-3l-aps÷2x]

567 4642 890 4749 -ass'swesm‘
910 4653 1033 4748 μου.
1043 4627 1693 4850 [leffe-(sppp-y'eacttebtlll
