4254 5536
1055 299 1137 389 118

760 544 797 619 ρ’
821 544 872 587 z
890 513 941 618 P',
965 543 1011 582 z
1036 520 1087 588 sin
1103 519 1200 588 F-sin
1218 516 1285 607 (···
1302 519 1349 607 Θ)
1462 605 1465 611 ¹

339 729 397 816 qui
424 729 565 827 selures,
592 722 780 791 substitutis
805 721 841 787 iu
865 718 1034 787 valoribus
1059 719 1272 810 generalibus
1298 719 1366 786 illis
1390 720 1541 787 terminis
1567 718 1795 786 constantibus
1817 731 1853 786 et

339 977 562 1058 continentur,
586 995 771 1066 congruere
797 960 930 1042 debent.
981 969 1208 1059 Aequationes
1233 991 1314 1039 vero
1340 966 1422 1060 (39)
1449 978 1483 1039 et
1506 966 1603 1060 (46],
1628 970 1719 1039 faeta
1744 978 1852 1050 t=o‚

339 1101 560 1196 suppeditant

762 1293 891 1362 g—or
913 1283 999 1338 -rt
1021 1265 1194 1364 -l-v-l-lr
1217 1271 1381 1337 =-o

760 1390 1388 1491 x'-o'—ns†u—k=—²P

339 1601 396 1666 ubi
428 1599 561 1667 termini
596 1597 731 1663 maximi
763 1605 954 1665 constantes
987 1606 1021 1666 et
1053 1621 1074 1664 a
1104 1597 1138 1665 vi
1171 1596 1381 1687 perturbanti
1406 1598 1673 1689 independentes
1700 1596 1853 1663 valorum

337 1727 488 1816 ipsarum
512 1746 595 1812 χ-
608 1743 655 1806 ω,
680 1714 767 1810 χ’-
782 1715 836 1808 ω’,
865 1723 898 1789 Φ
922 1730 1024 1810 atque
1056 1720 1099 1788 Ψ
1120 1721 1334 1791 solummodo
1359 1704 1545 1815 recipiendi
1572 1722 1664 1792 sunt
1720 1720 1852 1805 Quibus

339 1850 488 1919 terminis
512 1871 575 1939 per
599 1847 746 1914 litteram
770 1849 993 1937 respectivam
1016 1847 1111 1915 uncis
1136 1847 1300 1914 inclusam
1325 1847 1505 1933 denotatis,
1532 1849 1747 1938 aequationes
1768 1844 1852 1934 (69)

341 1999 409 2068 ope
433 1974 709 2066 praecedentium
735 1973 859 2041 abeunt
882 1974 918 2039 in
946 1972 1009 2038 has

809 2164 1330 2264 n=mfflffibfflb

811 2289 1337 2392 d=mfflmbfflss

340 2525 426 2590 quae
453 2523 528 2567 cunr
556 2494 661 2585 (69*)
687 2502 904 2587 comparatae
929 2494 1181 2563 subministrant

910 2688 1294 2778 ‹u)=‹m=u

341 2903 375 2960 et
406 2898 583 2984 praeterea
615 2889 764 2959 valorem
795 2891 946 2981 ipsarum
978 2887 1035 2978 (i)
1068 2898 1103 2957 et
1127 2883 1195 2977 (i)
1220 2888 1403 2980 praebent,
1443 2915 1511 2981 quo
1538 2903 1651 2962 tamen
1676 2915 1744 2960 non
1767 2900 1852 2959 utar.

340 3018 508 3108 Aequatio
533 3016 620 3084 haec
643 3024 825 3102 monstrat,
850 3014 983 3084 valeres
1008 3014 1222 3106 perturbatos
1248 3013 1398 3105 ipsarum
1425 3019 1459 3085 Φ
1483 3028 1517 3088 et
1548 3018 1591 3086 Ψ
1612 3019 1757 3088 eundem
1781 3025 1853 3086 ter·

341 3147 468 3212 minum
494 3151 703 3210 constantem
729 3166 750 3209 a
773 3143 807 3208 vi
830 3141 1043 3232 perturbauti
1066 3141 1352 3233 independentem
1377 3142 1504 3213 habere
1530 3145 1670 3228 debere,
1703 3151 1738 3209 et
1761 3130 1868 3208 bunc*

340 3270 407 3360 ipsi
435 3267 467 3336 Θ
492 3266 668 3357 aequalem
693 3289 776 3334 esse.
834 3265 909 3332 lam
940 3288 1045 3355 quum
1071 3267 1105 3333 Φ
1130 3276 1164 3335 et
1195 3267 1237 3334 Ψ
1258 3269 1325 3336 sint
1350 3293 1446 3339 meus
1470 3295 1492 3339 a
1516 3269 1614 3337 nodis
1639 3265 1851 3335 ascendenti—

341 3395 403 3462 bus
428 3395 612 3462 orbitamm
636 3414 672 3459 m
697 3402 732 3460 et
755 3384 903 3459 m'cum
927 3391 1033 3484 plano
1058 3393 1207 3486 ipsarum
1232 3416 1282 3484 cy
1317 3419 1423 3486 usque
1447 3395 1492 3463 ad
1516 3392 1643 3460 nodum
1667 3392 1853 3461 ascendeu-

343 3526 413 3585 tem
437 3519 568 3585 orbitae
592 3539 630 3584 m
654 3539 731 3585 cum
756 3516 867 3585 orbita
891 3508 936 3584 m'
962 3518 1100 3603 extensi,
1126 3528 1161 3586 et
1185 3539 1290 3607 quum
1318 3519 1350 3586 Θ
1373 3520 1409 3585 in
1432 3518 1565 3609 plano
1590 3517 1852 3586 invariabili

342 3645 452 3709 iacere
485 3641 627 3711 debeat:
659 3642 871 3711 concluditur
907 3641 939 3711 Θ
970 3664 1043 3712 erse
1067 3667 1182 3712 arcum
1208 3666 1228 3710 a
1251 3642 1343 3711 nodo
1368 3642 1562 3712 ascendenti
1586 3642 1710 3734 plani
1734 3644 1851 3711 inva-

342 3760 521 3835 riabilis
548 3788 624 3835 cum
648 3745 754 3859 plano
778 3767 1023 3838 fundamentali
1048 3769 1119 3837 sive
1142 3769 1293 3860 ipsarum
1315 3790 1366 3862 xp
1388 3790 1494 3857 usque
1519 3763 1563 3835 ad
1588 3766 1715 3836 nodum
1733 3791 1851 3837 ascen-

344 3894 480 3962 dentem
506 3892 635 3962 orbitae
660 3914 695 3960 m
720 3916 796 3962 cum
822 3894 931 3963 orbita
955 3887 1001 3961 m'
1026 3907 1209 3964 extensum.

442 4019 555 4104 Quum
587 4020 623 4087 iu
655 4030 749 4089 motu
781 4021 899 4088 Lunae
930 4019 964 4084 in
989 4018 1229 4106 quantitatibus
1256 4040 1278 4084 α
1303 4027 1337 4085 et
1360 4037 1384 4108 η
1408 4039 1551 4108 massam
1576 4019 1695 4088 Lunae
1720 4019 1852 4110 optimo

344 4145 416 4212 iure
446 4146 622 4239 negligere
653 4147 773 4229 liceat,
811 4145 951 4212 denotat
986 4144 1022 4210 in
1054 4139 1122 4208 hoc
1153 4149 1249 4215 motu
1275 4140 1311 4207 Γ
1329 4141 1581 4213 inclinationem
1606 4146 1736 4213 orbitae
1760 4144 1852 4214 Solis

343 4287 458 4338 versus
483 4271 624 4362 planum
648 4272 876 4363 protectionis,
903 4268 984 4336 ete)
1007 4288 1121 4346 arcum
1146 4291 1167 4334 a
1190 4265 1283 4333 nodo
1308 4268 1501 4339 ascendenti
1516 4272 1645 4340 orbitae
1660 4268 1750 4339 Solis
1774 4292 1852 4339 cum

345 4395 412 4463 boo
440 4397 546 4488 plano
578 4420 685 4486 usque
716 4395 760 4463 ad
793 4393 921 4460 nodum
952 4393 1187 4461 ascendentem
1219 4390 1351 4462 orbitae
1382 4394 1501 4464 Lunae
1525 4419 1601 4464 cum
1627 4397 1735 4463 orbita
1759 4396 1850 4465 Solis

199 4512 204 4522 ’
344 4520 492 4590 ductum.
541 4522 689 4612 Propter
713 4520 927 4613 planetamm
950 4516 1222 4610 perturbationes
1244 4516 1354 4588 orbita
1374 4519 1464 4590 Solis
1487 4521 1668 4589 immobilis
1693 4542 1763 4588 non
1787 4531 1849 4606 est,

345 4649 542 4744 cuiusve-ero
567 4654 678 4719 motus
703 4645 916 4721 informulis
937 4641 1020 4734 (49)
1046 4645 1113 4713 iam
1133 4647 1316 4737 separatim
1334 4648 1498 4718 rationem
1516 4645 1706 4728 babuimus,
1729 4670 1848 4736 quam·
