4254 5536
199 507 206 520 ’
355 543 412 613 Ex
436 543 491 615 his
515 535 773 630 aequationibus
798 533 911 628 primo
936 533 1114 606 oculorum
1139 531 1262 603 obtutu
1286 536 1401 623 patet,
1437 537 1507 597 tres
1540 531 1673 621 priores
1708 544 1792 625 post

190 647 194 661 ⁸
255 666 287 743 ε’
314 662 473 764 atquef
498 664 688 736 eliminatas
720 661 957 752 aequationem
990 658 1082 729 tertii
1114 658 1242 753 gradm
1267 677 1334 749 pro
1358 675 1402 741 x,
1440 661 1510 722 tres
1535 655 1665 726 medias
1692 679 1791 727 ean-

256 801 351 871 dem
374 818 439 890 pro
464 785 499 860 ω’
524 798 560 860 et
585 789 732 879 denique
756 795 825 856 tres
850 785 1057 879 posteriores
1082 783 1259 854 eandem
1283 801 1350 874 pro
1383 768 1421 847 ω’
1436 780 1677 872 suppeditares
1704 804 1790 869 esse,

254 925 346 996 unde
371 916 584 990 concluditur
607 935 651 1001 x,
682 905 718 981 ω’
751 920 854 1004 atque
883 900 923 978 ω’
958 931 1033 978 esse
1055 907 1186 978 radices
1212 917 1280 976 tres
1295 903 1300 912 ’
1313 905 1439 975 unius
1474 907 1684 996 aequationis
1716 915 1789 978 ter-

255 1050 295 1118 tii
317 1045 465 1141 padus,
499 1041 625 1132 itaque
641 1041 733 1133 ipsas
763 1039 811 1123 Y,
846 1035 902 1122 Ψ,
932 1025 993 1120 Y,
1020 1039 1084 1101 etc.
1108 1041 1177 1103 tres
1202 1041 1336 1102 tuntum
1360 1029 1507 1124 angulos
1527 1030 1678 1104 diversos
1703 1055 1789 1103 con·

254 1174 371 1243 tinere.
424 1165 624 1238 substitutis
650 1163 742 1233 enim
766 1158 1023 1253 aequationibus
1048 1151 1202 1257 (dillin
1225 1151 1270 1251 (3
1295 1153 1341 1249 )‚
1379 1155 1605 1228 nanciscimur

559 1336 593 1435 lq
614 1329 830 1448 :xx-oi,
880 1325 919 1434 bs,
937 1358 979 1398 Ξ
997 1323 1163 1420 (ι’-ω’,
1212 1322 1250 1402 h'
1269 1354 1313 1397 ·.·.
1332 1322 1467 1401 (ε’-ω

358 1537 573 1626 Quantitates
605 1558 658 1633 pq,
691 1557 750 1633 pn,
776 1524 839 1639 ps„
865 1539 930 1604 etc.
957 1541 1061 1624 atque
1084 1544 1134 1632 6„
1159 1543 1218 1633 on,
1243 1522 1295 1631 σῇ,
1322 1541 1386 1602 etc.
1412 1531 1610 1602 adiumento
1634 1531 1789 1618 valorum

259 1681 445 1737 massarum
469 1684 521 1749 m,
546 1653 611 1743 m',
644 1649 694 1727 m'
720 1668 754 1727 et
780 1658 977 1728 semiaxium
1001 1659 1166 1728 maiomm
1192 1680 1234 1744 a,
1259 1648 1393 1745 u',2u',
1425 1657 1484 1748 qui
1509 1659 1693 1731 secundum
1717 1667 1787 1729 tcr·

258 1796 342 1863 tiam
367 1792 480 1887 legem
506 1785 777 1878 Kepplerianam
802 1766 844 1854 eis
868 1785 1016 1853 motibus
1042 1783 1163 1855 mediis
1190 1785 1381 1878 computari
1404 1791 1561 1879 possunt,
1587 1792 1792 1876 compntan-

133 1980 137 1990 ,
261 1930 333 1999 tur3
372 1913 546 2009 quomodo
573 1919 686 1987 autem
711 1933 761 2007 q,
785 1900 840 2006 qs„
864 1899 900 2006 η’
924 1907 1176 2002 computandae
1201 1910 1286 2008 sint,
1311 1910 1399 1977 inira
1424 1909 1675 1979 monstrabitur.
1749 1906 1753 1913 ’

331 2038 641 2108 'Excentricitates
668 2057 704 2119 e,
731 2031 779 2122 e',
805 2024 837 2105 θ’
864 2030 1157 2104 observationibus
1184 2033 1462 2104 determinandae
1487 2043 1581 2120 sunt,
1618 2035 1790 2141 quantitq·

261 2178 421 2237 tessere
446 2155 482 2248 ξ,
507 2152 553 2247 ξ’,
576 2151 625 2249 ξ’,
651 2184 738 2252 quae
755 2181 894 2252 prorsus
919 2156 1199 2227 indeterminatae
1224 2168 1408 2246 remanent,
1434 2158 1478 2227 ad
1503 2158 1650 2228 lubitum
1675 2159 1790 2229 deter-

263 2278 382 2364 minari
406 2295 563 2380 possunt.
615 2286 734 2354 Facile
759 2295 874 2355 tamen
898 2282 1113 2380 perspicitur,
1139 2283 1209 2352 sive
1225 2280 1323 2355 'hunc
1346 2286 1416 2355 sive
1429 2285 1526 2354 illum
1541 2286 1694 2355 valorem
1709 2285 1794 2381 ipsis

263 2410 301 2504 ξ,
334 2409 384 2500 ξ’,
418 2405 453 2496 ξ’
485 2411 687 2497 attribuetis,
714 2411 823 2499 ellici,
865 2417 904 2478 ut
935 2409 1187 2477 observationes
1219 2409 1305 2479 alios
1337 2411 1624 2483 excentricitatum
1658 2408 1794 2480 naiores

264 2516 481 2639 p'ro'ditnrae
497 2537 576 2608 sint.
634 2536 750 2622 Quum
774 2528 808 2624 ξ,
833 2527 886 2622 ξ’,
911 2525 948 2618 ξ’
975 2533 1169 2604 arbitrariae
1194 2532 1277 2623 sint,
1302 2527 1378 2617 5:
1396 2526 1616 2620 ξ’;ξ’;1
1644 2544 1794 2606 statuere

264 2668 398 2760 optimo
421 2665 496 2732 iure
522 2662 658 2749 liceret,
683 2651 776 2732 unde
800 2663 937 2731 termini
961 2652 1121 2758 ἳθίξ-
1132 2654 1194 2753 1),
1219 2653 1465 2757 Qe'stssl),
1490 2652 1725 2756 2e'(}⁰-l)
1752 2682 1797 2749 ex

263 2794 416 2884 ipsarum
446 2787 486 2872 Y,
517 2781 579 2873 Ψ,
609 2779 658 2854 Y'
683 2787 955 2877 expressionibus
982 2794 1231 2870 evanescerent,
1258 2788 1318 2855 sed
1343 2788 1391 2856 rei
1415 2787 1700 2857 accommodatius
1728 2795 1795 2870 est,

265 2901 533 3009 quantitasne,
565 2900 619 2997 ξ’,
651 2898 689 2992 ξ’
720 2909 770 2977 ita
804 2909 1046 2997 determinare,
1085 2917 1123 2978 ut
1156 2908 1387 3004 longitudines
1420 2913 1553 2983 mediae
1577 2911 1797 3005 perturbatae

146 3112 152 3121 ,
264 3064 331 3129 raa,
355 3032 438 3125 rr'z‘,
471 3027 542 3106 n'z'
567 3035 729 3103 terminos
762 3036 893 3107 formae
925 3033 963 3103 A
970 3036 1076 3128 sing,
1111 3028 1157 3104 A'
1167 3030 1281 3129 sing',
1313 3029 1363 3105 A'
1371 3029 1471 3129 sing'
1496 3060 1566 3106 uon
1590 3039 1797 3125 contineant,

264 3169 354 3236 sicut
374 3166 445 3232 iam
470 3163 505 3230 in
528 3159 809 3253 praecedentibus
835 3161 872 3229 in
895 3160 1015 3231 Lunae
1040 3160 1174 3229 theoria
1199 3162 1350 3230 fecimus.
1400 3163 1493 3230 Hinc
1517 3165 1646 3232 iactum
1672 3172 1733 3249 est,
1758 3172 1798 3233 ut
1914 3229 1920 3237 .

266 3287 302 3376 ξ,
338 3282 389 3375 ξ’,
426 3277 463 3370 ξ’
489 3286 556 3355 sint
586 3285 809 3376 quantitates,
842 3307 931 3377 quae
963 3284 1008 3353 ab
1034 3285 1162 3353 unitate
1187 3287 1431 3376 quantitatibus
1458 3289 1585 3358 ordinis
1610 3309 1798 3359 massarum

230 3432 232 3438 ·
266 3413 538 3511 perturbantium
570 3418 703 3480 tanturn
736 3410 890 3480 diuersae
921 3419 1020 3497 sunt,
1063 3419 1098 3479 et
1128 3409 1165 3479 in
1195 3414 1307 3506 prima
1341 3412 1637 3507 approximatione
1674 3411 1798 3484 unitati

269 3540 428 3632 aequales
454 3536 539 3629 poni
563 3544 716 3627 possunt.
1274 3622 1278 3636 γ
1585 3553 1588 3559 ·

368 3663 487 3733 Facile
522 3661 667 3753 denique
701 3658 909 3753 perspicitur
939 3653 1009 3752 eff
1016 3658 1115 3752 -1)
1147 3662 1330 3733 identicam
1364 3686 1438 3735 esse
1463 3632 1540 3730 cunr
1565 3655 1800 3751 quantitate}

268 3794 305 3862 in
330 3799 390 3861 art
421 3786 594 3883 leesor„
620 3785 666 3855 ll.
691 3785 729 3855 in
752 3784 872 3879 Lunae
895 3793 991 3857 motu
1015 3784 1217 3859 introducta.

1006 4086 1066 4157 lo.

368 4241 575 4312 Adiumento
601 4236 840 4327 aequationem
864 4200 937 4330 per
951 4233 1128 4308 theorema
1147 4248 1210 4306 art
1229 4236 1286 4313 14.
1306 4238 1597 4334 suppeditaturum
1620 4250 1656 4310 et
1670 4261 1796 4331 aeque·

264 4365 402 4477 ¹tionum
427 4365 707 4436 conditionalium
730 4359 853 4428 harum

261 4486 271 4605 ,1
376 4511 609 4607 “Plistia
660 4504 925 4613 d,²·'l'20²⁰·
975 4506 1364 4623 v,-v'3180'‚ew.
1394 4510 1672 4613 ,lr‘=·b'‚etc.
1850 4613 1853 4620 1

278 4661 496 4756 aequationes
521 4659 612 4755 (25)
638 4671 673 4734 et
698 4685 812 4737 earnm
837 4660 963 4734 similes
988 4644 1164 4736 transeunt
1187 4664 1224 4735 in
1247 4663 1311 4736 has
