4254 5536
1007 523 1333 710 s=††{

559 777 752 871 Expressio
770 797 851 846 vero
875 773 1082 868 praecedens
1106 796 1172 866 pro
1195 772 1253 843 δΤ
1274 772 1417 865 praebet
1440 772 1593 841 instituta
1617 771 1843 864 integratione

453 916 1973 1086 soro=-„„‚‚„32‚„‚·.,„002incessuraeanianensem]

460 1152 496 1225 et
520 1143 666 1213 similem
689 1138 941 1232 expressionem
965 1137 1191 1216 obtinebimus
1224 1158 1288 1228 pro
1304 1133 1457 1227 sdet,
1491 1135 1582 1219 unde
1614 1134 1863 1231 approximatio
1887 1155 1979 1232 quor·

457 1294 525 1361 que
549 1269 697 1343 secunda
721 1266 854 1334 valeres
879 1264 1029 1356 ipsarum
1053 1263 1074 1348 ζ
1096 1273 1130 1330 et
1155 1265 1176 1352 β
1201 1285 1264 1330 nec
1288 1283 1356 1329 non
1380 1261 1530 1352 ipsarum
1552 1284 1577 1336 a
1600 1271 1635 1328 et
1659 1284 1692 1329 w
1715 1285 1803 1352 pure
1824 1258 1977 1351 periodi-

459 1416 518 1464 cos
544 1395 758 1488 suppeditat,
790 1399 825 1459 et
850 1389 972 1458 eodem
996 1390 1099 1458 modo
1126 1387 1408 1458 demonstrabitur
1432 1387 1742 1479 approximationes
1768 1387 1977 1475 subsequan-

459 1529 511 1593 tos
545 1520 706 1588 terminos
737 1539 801 1610 per
832 1525 966 1606 tempus
999 1516 1112 1607 ipsum
1145 1512 1388 1604 multiplicatos
1422 1512 1457 1582 in
1480 1512 1651 1587 valoribus
1677 1514 1829 1605 ipsarum
1853 1511 1874 1597 ζ
1896 1512 1981 1602 etsi

461 1645 677 1717 introducere
700 1666 770 1714 uon
793 1663 908 1735 posse.

1122 1860 1245 1930 .i.

560 2018 720 2109 Analysis
751 2014 959 2108 praecedens
992 2013 1156 2104 supponit
1179 2013 1450 2104 perturbationes
1475 2014 1566 2083 Solis
1593 2011 1679 2102 (sive
1702 2011 1829 2101 terrae)
1855 2014 1979 2095 eodem

461 2144 566 2212 modo
598 2167 639 2211 ac
669 2142 939 2235 perturbationes
973 2140 1090 2207 Lunae
1124 2139 1312 2229 computari
1349 2148 1407 2205 aut
1441 2148 1651 2229 computatas
1684 2161 1773 2224 esse,
1813 2140 1850 2208 id
1883 2141 1978 2229 quod

464 2292 599 2362 semper
630 2271 705 2337 fieri
737 2277 863 2362 potest.
922 2269 1009 2335 Nam
1044 2266 1078 2332 iu
1111 2273 1206 2332 motu
1240 2285 1375 2353 quoque
1408 2264 1622 2355 planetarum
1655 2267 1876 2351 quantitatem
1908 2266 1978 2335 hoc

462 2397 541 2464 loco
571 2419 598 2487 y
631 2397 825 2463 denotatam
856 2394 1070 2461 introducere
1102 2391 1200 2458 nobis
1227 2391 1359 2475 liceret,
1402 2390 1493 2457 unde
1519 2391 1788 2478 perturbationes
1815 2414 1932 2460 eorum
1955 2414 1978 2461 a

461 2522 611 2590 terminis
644 2545 707 2612 per
739 2532 874 2610 tempus
899 2520 1011 2609 ipsum
1036 2517 1270 2608 multiplicatis
1296 2516 1423 2599 liberae
1449 2515 1689 2583 obtinerentur.
1749 2515 1863 2598 Quum
1895 2536 1979 2586 vero

343 2724 345 2731 Ι
463 2645 545 2727 hinc
579 2645 659 2725 inde
691 2646 728 2713 in
758 2642 1027 2734 longitudinibus
1061 2642 1230 2728 radiisque
1261 2641 1451 2707 vectoribus
1484 2641 1696 2730 planetarum
1728 2643 1863 2710 termini
1894 2631 1980 2735 per}

464 2771 598 2861 magni,
624 2789 767 2856 quorum
789 2766 950 2858 periodus
976 2764 1167 2855 paullulum
1193 2788 1214 2830 a
1237 2764 1449 2834 revolutione
1472 2767 1631 2856 planetae
1656 2766 1788 2860 integra
1813 2769 1977 2859 differret,

465 2893 640 2979 orirentur,
668 2914 812 2982 quorum
836 2891 1063 2966 coeiiicieutes
1088 2890 1289 2983 periodique
1312 2900 1456 2983 propter
1474 2892 1754 2980 incertitudinem,
1780 2919 1868 2984 quae
1886 2919 1979 2972 mass

366 3024 374 3034 “
468 3020 513 3097 sis
537 3021 750 3113 planetarum
775 3039 910 3106 semper
933 3016 1104 3104 inhaeret,
1147 3039 1217 3087 non
1240 3017 1388 3089 accurati
1414 3019 1610 3105 evaderent,
1650 3044 1821 3110 quumque
1845 3024 1978 3095 termini
2031 3009 2034 3014 ¹

466 3145 504 3213 in
535 3153 629 3212 motu
653 3143 866 3234 planetarum
891 3150 925 3209 et
950 3166 1013 3232 per
1037 3151 1171 3233 tempus
1196 3145 1309 3235 ipsum
1334 3153 1368 3214 et
1392 3168 1457 3236 per
1481 3146 1571 3215 sinus
1597 3155 1655 3216 aut
1679 3149 1812 3215 cosinus
1838 3171 1980 3219 anema-v

467 3272 588 3339 liarum
619 3271 805 3339 mediarum
836 3268 1053 3360 multiplicati
1087 3271 1187 3338 series
1218 3270 1365 3340 infinitas
1390 3271 1603 3363 rapidissime
1627 3281 1868 3363 convergentes
1894 3295 1977 3345 con-

469 3398 624 3465 stituant:
664 3404 814 3488 praestat
844 3397 881 3462 in
913 3393 1045 3462 theoria
1070 3419 1205 3486 quoque
1229 3398 1346 3466 Lunae
1370 3399 1653 3490 perturbationes.
1666 3395 1756 3463 Solis
1781 3399 1843 3465 sub
1868 3402 1978 3470 forma

470 3544 510 3590 ea
549 3519 697 3606 admitti,
751 3538 853 3611 quam
891 3519 1198 3613 perturbationibus
1239 3524 1453 3615 planetarum
1492 3524 1528 3590 in
1565 3520 1853 3611 disquisitionibus
1892 3527 1976 3596 meis

399 3685 403 3695 ·
467 3645 635 3742 prioribus
662 3646 706 3713 de
730 3645 799 3714 hoc
824 3655 1023 3738 argumento
1050 3647 1194 3715 attribui
1257 3718 1260 3730 ,

569 3771 698 3854 Quibus
733 3773 870 3862 positis,
911 3772 1159 3862 approximatio
1190 3773 1326 3862 quidem
1358 3776 1469 3866 prima
1493 3775 1529 3842 in
1554 3780 1648 3839 motu
1672 3773 1791 3841 Lunae
1815 3778 1975 3848 terminos

469 3921 533 3990 per
556 3907 690 3988 tempus
715 3897 829 3987 ipsum
853 3897 1097 3986 multiplicatos
1123 3921 1191 3964 non
1215 3901 1364 3990 profert,
1405 3900 1465 3968 sed
1498 3898 1745 3991 approximatio
1771 3905 1918 3972 secunda
1942 3915 1977 3973 et

471 4027 710 4114 subsequentes
736 4024 772 4090 in
796 4031 894 4113 parte
918 4045 974 4105 ea,
1002 4043 1088 4108 quae
1113 4044 1154 4088 ex
1180 4025 1382 4094 coordinatis
1408 4026 1498 4094 Solis
1524 4025 1689 4115 originem
1715 4028 1825 4113 ducit,
1860 4032 1976 4098 termi-

471 4173 531 4218 nos
556 4149 792 4242 procreabunt,
815 4148 874 4235 qui
900 4145 1036 4236 quidem
1062 4155 1097 4214 et
1121 4171 1184 4239 per
1208 4158 1342 4241 tempus
1369 4163 1403 4218 et
1428 4175 1491 4242 per
1517 4153 1604 4218 sinus
1630 4163 1688 4219 aut
1712 4156 1843 4222 cosinus
1859 4158 1975 4232 multi-

471 4275 611 4366 plicium
627 4274 868 4343 anomaliarum
892 4273 1079 4340 mediarum
1103 4274 1335 4366 multiplicati,
1362 4277 1423 4344 sed
1447 4277 1549 4344 iidem
1575 4288 1651 4344 suut
1676 4280 1896 4366 minutissimi,
1915 4305 1975 4352 va·

471 4397 628 4466 riationes
654 4401 750 4488 quasi
774 4397 959 4467 saeculares
984 4398 1246 4469 coefiicientium
1270 4401 1559 4493 perturbationum
1584 4403 1701 4470 Lunae
1724 4406 1976 4481 constituentes.

470 4532 651 4603 Praeterea
676 4535 943 4602 coordinatorum
969 4532 1059 4601 Solis
1084 4535 1217 4606 valeres
1243 4538 1464 4609 accuratiores
1488 4538 1525 4608 in
1549 4498 1690 4642 ναὶ-ξ)
1716 4539 1885 4610 substituti
1903 4549 1977 4611 ter-

471 4660 582 4730 minos
609 4657 830 4750 suppeditant
852 4661 951 4731 huius
975 4661 1111 4730 formae
