4254 5536
222 645 361 708 suatum
393 647 460 723 est,
493 636 728 725 aequationuru
757 654 889 721 earum,
920 656 1008 724 quae
1032 633 1198 728 neglectis
1223 632 1463 724 quantitatibus
1490 653 1539 730 q„
1563 626 1615 728 q'„
1642 623 1678 724 η’
1697 655 1737 700 ex

221 762 305 853 (37)
330 772 365 832 et
388 757 473 851 (44)
496 761 676 853 prodeunt,
701 759 831 829 radices
847 781 964 829 omnes
979 761 1086 828 reales
1104 769 1137 828 et
1149 760 1342 850 inaequales
1357 781 1441 844 esse,
1467 757 1495 825 si
1510 756 1650 826 directio
1663 779 1737 825 rno-

222 898 317 958 tuum
340 909 520 979 corporum
545 889 694 956 omnium
719 885 930 979 eademest,
958 909 1024 975 qua
1049 908 1088 953 re
1112 894 1146 952 et
1171 909 1274 976 quum
1299 885 1443 970 termini,
1470 882 1590 973 quibus
1615 906 1740 973 aequa-

146 1074 153 1088 ,
223 1014 331 1081 tiones
356 1006 440 1100 (54)
472 1022 507 1080 et
531 1009 616 1103 (57)
650 1012 693 1080 ab
726 1008 980 1100 aequatiouibus
1006 1007 1093 1099 (37)
1124 1019 1158 1078 et
1183 1007 1265 1097 (44)
1292 1010 1471 1093 differunt,
1504 1009 1640 1100 parvuli
1665 1009 1742 1095 siut,

224 1138 355 1228 quotics
379 1159 508 1206 massae
532 1137 779 1229 perturbantes,
806 1134 1072 1203 excentricitates
1099 1145 1133 1203 et
1157 1135 1391 1203 inclinationes
1417 1144 1553 1203 mutuae
1578 1134 1744 1225 parvulae

223 1270 318 1350 sunt,
360 1260 561 1331 concludere
592 1262 691 1350 licet,
732 1259 861 1328 radices
899 1283 1038 1350 quoque
1070 1260 1308 1348 aequatiouum
1340 1257 1422 1348 (54)
1457 1270 1491 1328 et
1516 1258 1599 1348 (57)
1625 1281 1743 1327 onmes

209 1389 330 1458 reales
357 1396 391 1457 et
415 1387 608 1478 inaequales
635 1410 726 1474 esse,
752 1386 884 1476 quoties
911 1409 1092 1490 corporum
1118 1393 1270 1452 motuum
1296 1385 1415 1452 eadem
1440 1384 1581 1453 directio
1609 1393 1682 1471 est,
1709 1392 1745 1452 et

223 1538 354 1584 massae
386 1512 642 1606 perturbantes,
685 1512 952 1580 excentricitates
985 1522 1020 1580 et
1051 1510 1285 1578 inclinationes
1307 1523 1443 1579 mutuae
1469 1512 1556 1580 adeo
1581 1510 1744 1603 parvulae

223 1649 317 1726 sunt,
342 1649 380 1709 ut
404 1640 504 1708 series
529 1639 697 1725 infinitae,
723 1638 759 1705 in
783 1661 867 1729 quas
893 1636 1062 1704 formulae
1084 1644 1218 1704 nostrae
1244 1637 1453 1704 evolvendae
1478 1646 1574 1722 sunt,
1601 1657 1744 1703 conver-

223 1774 315 1860 gant.
345 1782 347 1787 ’
367 1764 466 1849 Quae
497 1785 600 1853 quum
624 1764 673 1831 ita
698 1762 783 1849 sint,
821 1768 968 1853 systema
992 1746 1146 1852 quatuor*
1161 1783 1359 1852 corporum,
1399 1762 1492 1851 quod
1517 1761 1745 1830 consideravi·

224 1914 310 1978 mus,
335 1914 399 1959 nec
423 1888 608 1959 nunidem
632 1889 782 1982 plurium
808 1911 990 1980 corporum
1015 1899 1162 1981 systema
1188 1887 1308 1956 stabile
1334 1910 1418 1973 esse,
1443 1888 1603 1977 sequitur.
1638 1885 1744 1956 Casus

224 2016 365 2085 duarum
398 2022 456 2081 aut
488 2014 638 2106 plurium
671 2013 822 2082 radicum
853 2015 1045 2104 aequalium
1076 2037 1141 2106 per
1174 2037 1210 2083 se
1235 2011 1374 2102 quidem
1397 2013 1535 2084 minime
1556 2012 1744 2107 probabilis
1874 2056 1876 2062 ι

224 2150 294 2227 est,
321 2138 381 2208 sed
407 2139 436 2208 si
459 2140 550 2208 forte
573 2138 750 2228 acciderit,
776 2149 815 2208 ut
840 2142 1009 2231 quantitas
1663 2144 1666 2149 ’

395 2278 1408 2394 in-l-{dl—i·n¹†i⁹a†t⁰o,†i⁰o,j†t'a“†t''t,†W,
1420 2284 1546 2385 †1⁴¹l‘'
1676 2256 1679 2261 ¹

224 2466 290 2536 pro
326 2442 526 2533 quibusdam
558 2440 709 2511 indicum
732 2442 762 2530 i,
787 2437 819 2532 ἴ,
845 2444 889 2530 ἰ”,
916 2451 978 2512 etc.
1011 2445 1180 2514 valoribus
1212 2443 1314 2514 valde
1345 2443 1490 2534 parvula
1520 2443 1630 2527 foret,
1663 2465 1743 2534 per·
1853 2534 1856 2541 Δ

223 2589 368 2659 magnae
399 2573 434 2634 et
464 2588 599 2636 omnem
631 2568 776 2636 limitem
813 2577 1011 2660 superantes
1043 2570 1314 2663 perturbationes
1347 2569 1427 2636 oriri
1450 2590 1555 2662 posse
1578 2571 1744 2656 videntur,

224 2691 304 2782 quia
326 2688 414 2759 haec
438 2692 607 2781 quantitas
631 2694 669 2762 in
691 2692 985 2785 perturbationum
1009 2696 1273 2764 coetiicientium
1298 2694 1608 2764 denominatorrbus
1627 2692 1745 2762 aderit.

224 2814 420 2884 Tbeorema
450 2838 532 2885 vero
567 2817 789 2886 demonstrari
820 2827 955 2907 potest,
996 2821 1127 2909 inclyto
1160 2821 1204 2888 ab
1233 2821 1283 2887 ill.
1308 2818 1569 2911 Laplacede
1594 2828 1747 2888 motuum

225 2937 590 3007 commensurabilitate
629 2940 766 3008 detecto
804 2939 1009 3008 theoremati
1040 2943 1165 3035 simile,
1204 2964 1274 3031 quo
1310 2945 1489 3012 terminum
1521 2967 1748 3037 permaguum

224 3064 267 3132 ab
300 3063 362 3131 illo
391 3065 536 3155 parvulo
569 3064 714 3135 divisore
746 3072 858 3132 ortum
895 3065 1038 3134 limitem
1064 3065 1233 3156 quendam
1258 3089 1419 3157 superare
1444 3090 1513 3136 nou
1535 3092 1638 3160 posse
1663 3091 1747 3161 pro

121 3216 124 3221 ·
224 3190 341 3275 batur,
377 3198 412 3257 et
443 3190 576 3279 quoties
609 3191 669 3258 ille
705 3190 941 3260 denominatur
965 3193 1001 3259 in
1026 3215 1209 3285 corporum
1233 3203 1345 3263 motus
1369 3193 1466 3262 initio
1492 3202 1562 3265 tam
1586 3166 1748 3285 parvulus

225 3315 345 3400 fuerit,
379 3323 417 3382 ut
449 3314 611 3384 maiorem
644 3315 893 3386 coefficientem
925 3318 1069 3404 efficiat,
1111 3326 1263 3387 mutuam
1295 3340 1476 3412 corporum
1513 3322 1749 3387 attractionem

227 3438 383 3507 sufficere
415 3439 460 3508 ad
494 3462 571 3508 eum
601 3441 756 3535 rigorose
792 3443 898 3512 cifrae
921 3443 1098 3534 aequalem
1120 3442 1348 3530 reddendum,
1390 3467 1459 3536 quo
1483 3447 1620 3513 lactum.
1636 3414 1748 3525 luerit,

228 3570 265 3629 ut
289 3573 401 3631 motus
425 3566 742 3634 commensurabiles
769 3568 925 3655 evadant,
953 3578 987 3636 et
1011 3570 1097 3639 tales
1121 3579 1326 3639 remaneant.
1377 3570 1475 3655 Quae
1499 3594 1584 3641 vero
1605 3571 1749 3641 adcor-

228 3708 369 3777 porum,
395 3711 538 3778 quorum
563 3700 674 3761 motus
700 3694 1018 3763 commensurabiles
1043 3704 1139 3782 sunt,
1165 3680 1446 3791 ¹perturbationes
1478 3706 1654 3790 spectsnt,
1674 3720 1749 3783 ,nec

229 3833 299 3878 non
328 3812 430 3902 plora
462 3816 544 3904 alia,
582 3817 619 3886 iu
649 3817 743 3888 aliud
766 3828 902 3912 tempus
929 3820 1067 3891 differre
1092 3819 1275 3910 debemus,
1308 3847 1351 3893 ne
1375 3822 1444 3894 hoc
1469 3824 1627 3897 volumen
1652 3823 1750 3919 diruis

229 3944 365 4008 crescat
440 3939 443 3948 '
