<?xml version="1.0" encoding="UTF-8"?>
<!DOCTYPE html PUBLIC "-//W3C//DTD XHTML 1.0 Transitional//EN"
    "http://www.w3.org/TR/xhtml1/DTD/xhtml1-transitional.dtd">
<html xmlns="http://www.w3.org/1999/xhtml" xml:lang="en" lang="en">
 <head>
  <title>
</title>
<meta http-equiv="Content-Type" content="text/html;charset=utf-8" />
  <meta name='ocr-system' content='tesseract 3.04.00' />
  <meta name='ocr-capabilities' content='ocr_page ocr_carea ocr_par ocr_line ocrx_word'/>
</head>
<body>
  <div class='ocr_page' id='page_1' title='image "./fvndamentanovai00hansgoog_0012.png"; bbox 0 0 4254 5536; ppageno 0'>
   <div class='ocr_carea' id='block_1_1' title="bbox 573 1691 1358 1814">
    <p class='ocr_par' dir='ltr' id='par_1_1' title="bbox 573 1691 1358 1814">
     <span class='ocr_line' id='line_1_1' title="bbox 573 1691 1358 1814; baseline -0.009 -2"><span class='ocrx_word' id='word_1_1' title='bbox 573 1691 1358 1814; x_wconf 77' lang='lat' dir='ltr'><strong>PRAEFATIO.</strong></span> 
     </span>
    </p>
   </div>
   <div class='ocr_carea' id='block_1_2' title="bbox 207 2203 1731 2351">
    <p class='ocr_par' dir='ltr' id='par_1_2' title="bbox 207 2203 1731 2351">
     <span class='ocr_line' id='line_1_2' title="bbox 207 2203 1731 2351; baseline -0.005 -25"><span class='ocrx_word' id='word_1_2' title='bbox 207 2203 338 2326; x_wconf 71' lang='lat' dir='ltr'><strong>casus</strong></span> <span class='ocrx_word' id='word_1_3' title='bbox 368 2255 452 2323; x_wconf 90' lang='lat' dir='ltr'><strong>duos</strong></span> <span class='ocrx_word' id='word_1_4' title='bbox 478 2258 701 2346; x_wconf 77' lang='lat' dir='ltr'><strong>problematis</strong></span> <span class='ocrx_word' id='word_1_5' title='bbox 726 2258 830 2327; x_wconf 90' lang='lat' dir='ltr'><strong>trium</strong></span> <span class='ocrx_word' id='word_1_6' title='bbox 856 2278 1058 2351; x_wconf 89' lang='lat' dir='ltr'><strong>corporum,</strong></span> <span class='ocrx_word' id='word_1_7' title='bbox 1084 2255 1178 2344; x_wconf 92' lang='lat' dir='ltr'><strong>quod</strong></span> <span class='ocrx_word' id='word_1_8' title='bbox 1202 2259 1360 2337; x_wconf 81' lang='lat' dir='ltr'><strong>vocatur,</strong></span> <span class='ocrx_word' id='word_1_9' title='bbox 1385 2272 1471 2342; x_wconf 89' lang='lat' dir='ltr'><strong>quos</strong></span> <span class='ocrx_word' id='word_1_10' title='bbox 1497 2257 1645 2344; x_wconf 76' lang='lat' dir='ltr'><strong>systema</strong></span> <span class='ocrx_word' id='word_1_11' title='bbox 1669 2270 1731 2318; x_wconf 90' lang='lat' dir='ltr'><strong>no-</strong></span> 
     </span>
    </p>
   </div>
   <div class='ocr_carea' id='block_1_3' title="bbox 205 2402 1735 3100">
    <p class='ocr_par' dir='ltr' id='par_1_3' title="bbox 205 2402 1735 3100">
     <span class='ocr_line' id='line_1_3' title="bbox 207 2402 1734 2498; baseline 0 -27"><span class='ocrx_word' id='word_1_12' title='bbox 207 2412 312 2471; x_wconf 87' lang='lat' dir='ltr'><strong>strum</strong></span> <span class='ocrx_word' id='word_1_13' title='bbox 337 2405 449 2472; x_wconf 88' lang='lat' dir='ltr'><strong>solare</strong></span> <span class='ocrx_word' id='word_1_14' title='bbox 474 2404 571 2471; x_wconf 90' lang='lat' dir='ltr'><strong>nobis</strong></span> <span class='ocrx_word' id='word_1_15' title='bbox 597 2404 710 2488; x_wconf 84' lang='lat' dir='ltr'><strong>offert,</strong></span> <span class='ocrx_word' id='word_1_16' title='bbox 736 2407 880 2473; x_wconf 88' lang='lat' dir='ltr'><strong>alterum</strong></span> <span class='ocrx_word' id='word_1_17' title='bbox 904 2416 999 2498; x_wconf 89' lang='lat' dir='ltr'><strong>puta,</strong></span> <span class='ocrx_word' id='word_1_18' title='bbox 1025 2406 1084 2473; x_wconf 92' lang='lat' dir='ltr'><strong>ubi</strong></span> <span class='ocrx_word' id='word_1_19' title='bbox 1109 2428 1219 2472; x_wconf 88' lang='lat' dir='ltr'><strong>massa</strong></span> <span class='ocrx_word' id='word_1_20' title='bbox 1244 2404 1444 2494; x_wconf 87' lang='lat' dir='ltr'><strong>perturbans</strong></span> <span class='ocrx_word' id='word_1_21' title='bbox 1458 2424 1575 2471; x_wconf 81' lang='lat' dir='ltr'><strong>revera</strong></span> <span class='ocrx_word' id='word_1_22' title='bbox 1591 2402 1734 2494; x_wconf 74' lang='lat' dir='ltr'><strong>parvula</strong></span> 
     </span>
     <span class='ocr_line' id='line_1_4' title="bbox 207 2545 1733 2644; baseline 0 -23"><span class='ocrx_word' id='word_1_23' title='bbox 207 2545 274 2638; x_wconf 66' lang='lat' dir='ltr'><strong>est,</strong></span> <span class='ocrx_word' id='word_1_24' title='bbox 309 2553 470 2638; x_wconf 89' lang='lat' dir='ltr'><strong>alterum,</strong></span> <span class='ocrx_word' id='word_1_25' title='bbox 513 2554 571 2622; x_wconf 89' lang='lat' dir='ltr'><strong>ubi</strong></span> <span class='ocrx_word' id='word_1_26' title='bbox 596 2575 706 2621; x_wconf 90' lang='lat' dir='ltr'><strong>massa</strong></span> <span class='ocrx_word' id='word_1_27' title='bbox 732 2554 933 2644; x_wconf 90' lang='lat' dir='ltr'><strong>perturbans</strong></span> <span class='ocrx_word' id='word_1_28' title='bbox 960 2560 1118 2644; x_wconf 86' lang='lat' dir='ltr'><strong>respectu</strong></span> <span class='ocrx_word' id='word_1_29' title='bbox 1143 2576 1273 2620; x_wconf 77' lang='lat' dir='ltr'>massae</span> <span class='ocrx_word' id='word_1_30' title='bbox 1299 2551 1450 2642; x_wconf 89' lang='lat' dir='ltr'><strong>corporis</strong></span> <span class='ocrx_word' id='word_1_31' title='bbox 1475 2552 1627 2641; x_wconf 87' lang='lat' dir='ltr'><strong>primarii</strong></span> <span class='ocrx_word' id='word_1_32' title='bbox 1651 2573 1733 2643; x_wconf 84' lang='lat' dir='ltr'><strong>per·</strong></span> 
     </span>
     <span class='ocr_line' id='line_1_5' title="bbox 205 2701 1735 2798; baseline 0 -26"><span class='ocrx_word' id='word_1_33' title='bbox 205 2726 329 2797; x_wconf 87' lang='lat' dir='ltr'><strong>magna</strong></span> <span class='ocrx_word' id='word_1_34' title='bbox 355 2712 417 2789; x_wconf 89' lang='lat' dir='ltr'><strong>cst,</strong></span> <span class='ocrx_word' id='word_1_35' title='bbox 443 2705 506 2772; x_wconf 92' lang='lat' dir='ltr'><strong>sed</strong></span> <span class='ocrx_word' id='word_1_36' title='bbox 530 2714 675 2798; x_wconf 89' lang='lat' dir='ltr'><strong>propter</strong></span> <span class='ocrx_word' id='word_1_37' title='bbox 701 2705 893 2772; x_wconf 77' lang='lat' dir='ltr'><strong>distantiam</strong></span> <span class='ocrx_word' id='word_1_38' title='bbox 918 2725 1142 2796; x_wconf 83' lang='lat' dir='ltr'><strong>permagnam</strong></span> <span class='ocrx_word' id='word_1_39' title='bbox 1167 2725 1243 2772; x_wconf 85' lang='lat' dir='ltr'><strong>cum</strong></span> <span class='ocrx_word' id='word_1_40' title='bbox 1269 2723 1451 2793; x_wconf 85' lang='lat' dir='ltr'><strong>acorporc</strong></span> <span class='ocrx_word' id='word_1_41' title='bbox 1465 2701 1637 2791; x_wconf 89' lang='lat' dir='ltr'><strong>primario,</strong></span> <span class='ocrx_word' id='word_1_42' title='bbox 1660 2711 1735 2772; x_wconf 87' lang='lat' dir='ltr'><strong>tum</strong></span> 
     </span>
     <span class='ocr_line' id='line_1_6' title="bbox 205 2853 1733 2947; baseline 0.001 -25"><span class='ocrx_word' id='word_1_43' title='bbox 205 2880 226 2923; x_wconf 87' lang='lat' dir='ltr'><strong>a</strong></span> <span class='ocrx_word' id='word_1_44' title='bbox 251 2876 394 2947; x_wconf 86' lang='lat' dir='ltr'><strong>corpure</strong></span> <span class='ocrx_word' id='word_1_45' title='bbox 417 2854 617 2947; x_wconf 86' lang='lat' dir='ltr'><strong>perturbato</strong></span> <span class='ocrx_word' id='word_1_46' title='bbox 642 2857 820 2947; x_wconf 79' lang='lat' dir='ltr'><strong>parvulam</strong></span> <span class='ocrx_word' id='word_1_47' title='bbox 846 2855 952 2924; x_wconf 81' lang='lat' dir='ltr'><strong>elficit</strong></span> <span class='ocrx_word' id='word_1_48' title='bbox 967 2857 1035 2922; x_wconf 88' lang='lat' dir='ltr'><strong>vim</strong></span> <span class='ocrx_word' id='word_1_49' title='bbox 1052 2854 1322 2947; x_wconf 69' lang='lat' dir='ltr'><strong>perturbantem</strong></span> <span class='ocrx_word' id='word_1_50' title='bbox 1357 2875 1464 2938; x_wconf 87' lang='lat' dir='ltr'><strong>casus,</strong></span> <span class='ocrx_word' id='word_1_51' title='bbox 1491 2853 1639 2943; x_wconf 87' lang='lat' dir='ltr'><strong>inquam,</strong></span> <span class='ocrx_word' id='word_1_52' title='bbox 1665 2853 1733 2924; x_wconf 85' lang='lat' dir='ltr'><strong>hos</strong></span> 
     </span>
     <span class='ocr_line' id='line_1_7' title="bbox 209 3005 1734 3100; baseline 0.003 -28"><span class='ocrx_word' id='word_1_53' title='bbox 209 3007 294 3074; x_wconf 88' lang='lat' dir='ltr'><strong>duos</strong></span> <span class='ocrx_word' id='word_1_54' title='bbox 319 3007 417 3073; x_wconf 89' lang='lat' dir='ltr'><strong>unius</strong></span> <span class='ocrx_word' id='word_1_55' title='bbox 444 3008 662 3096; x_wconf 90' lang='lat' dir='ltr'><strong>eiusdemque</strong></span> <span class='ocrx_word' id='word_1_56' title='bbox 686 3008 909 3099; x_wconf 84' lang='lat' dir='ltr'><strong>problematis</strong></span> <span class='ocrx_word' id='word_1_57' title='bbox 933 3018 1127 3100; x_wconf 83' lang='lat' dir='ltr'><strong>geometrae</strong></span> <span class='ocrx_word' id='word_1_58' title='bbox 1153 3007 1196 3073; x_wconf 89' lang='lat' dir='ltr'><strong>ad</strong></span> <span class='ocrx_word' id='word_1_59' title='bbox 1221 3005 1290 3072; x_wconf 89' lang='lat' dir='ltr'><strong>huc</strong></span> <span class='ocrx_word' id='word_1_60' title='bbox 1312 3024 1421 3092; x_wconf 88' lang='lat' dir='ltr'><strong>usquo</strong></span> <span class='ocrx_word' id='word_1_61' title='bbox 1443 3011 1578 3095; x_wconf 90' lang='lat' dir='ltr'><strong>tempus</strong></span> <span class='ocrx_word' id='word_1_62' title='bbox 1604 3005 1734 3077; x_wconf 82' lang='lat' dir='ltr'><strong>duobus</strong></span> 
     </span>
    </p>
   </div>
   <div class='ocr_carea' id='block_1_4' title="bbox 206 3156 1733 3250">
    <p class='ocr_par' dir='ltr' id='par_1_4' title="bbox 206 3156 1733 3250">
     <span class='ocr_line' id='line_1_8' title="bbox 206 3156 1733 3250; baseline 0.001 -25"><span class='ocrx_word' id='word_1_63' title='bbox 206 3156 317 3225; x_wconf 90' lang='lat' dir='ltr'><strong>modis</strong></span> <span class='ocrx_word' id='word_1_64' title='bbox 342 3156 430 3225; x_wconf 91' lang='lat' dir='ltr'><strong>inter</strong></span> <span class='ocrx_word' id='word_1_65' title='bbox 452 3181 488 3226; x_wconf 90' lang='lat' dir='ltr'><strong>se</strong></span> <span class='ocrx_word' id='word_1_66' title='bbox 513 3160 617 3250; x_wconf 89' lang='lat' dir='ltr'><strong>plane</strong></span> <span class='ocrx_word' id='word_1_67' title='bbox 643 3158 783 3228; x_wconf 85' lang='lat' dir='ltr'><strong>diversis</strong></span> <span class='ocrx_word' id='word_1_68' title='bbox 809 3160 993 3245; x_wconf 83' lang='lat' dir='ltr'><strong>solverunt,</strong></span> <span class='ocrx_word' id='word_1_69' title='bbox 1019 3168 1054 3247; x_wconf 83' lang='lat' dir='ltr'><strong>et</strong></span> <span class='ocrx_word' id='word_1_70' title='bbox 1079 3180 1189 3247; x_wconf 90' lang='lat' dir='ltr'><strong>neque</strong></span> <span class='ocrx_word' id='word_1_71' title='bbox 1215 3157 1427 3242; x_wconf 86' lang='lat' dir='ltr'><strong>solutionem,</strong></span> <span class='ocrx_word' id='word_1_72' title='bbox 1453 3178 1554 3244; x_wconf 91' lang='lat' dir='ltr'><strong>quam</strong></span> <span class='ocrx_word' id='word_1_73' title='bbox 1571 3179 1636 3249; x_wconf 90' lang='lat' dir='ltr'><strong>pro</strong></span> <span class='ocrx_word' id='word_1_74' title='bbox 1653 3178 1733 3227; x_wconf 82' lang='lat' dir='ltr'><strong>casu</strong></span> 
     </span>
    </p>
   </div>
   <div class='ocr_carea' id='block_1_5' title="bbox 207 3308 1842 3400">
    <p class='ocr_par' dir='ltr' id='par_1_5' title="bbox 207 3308 1842 3400">
     <span class='ocr_line' id='line_1_9' title="bbox 207 3308 1842 3400; baseline 0.001 -25"><span class='ocrx_word' id='word_1_75' title='bbox 207 3309 312 3400; x_wconf 87' lang='lat' dir='ltr'><strong>priori</strong></span> <span class='ocrx_word' id='word_1_76' title='bbox 338 3308 481 3392; x_wconf 88' lang='lat' dir='ltr'><strong>dedere,</strong></span> <span class='ocrx_word' id='word_1_77' title='bbox 517 3309 563 3376; x_wconf 89' lang='lat' dir='ltr'><strong>ad</strong></span> <span class='ocrx_word' id='word_1_78' title='bbox 588 3333 703 3377; x_wconf 90' lang='lat' dir='ltr'><strong>casum</strong></span> <span class='ocrx_word' id='word_1_79' title='bbox 729 3312 891 3397; x_wconf 89' lang='lat' dir='ltr'><strong>alterum,</strong></span> <span class='ocrx_word' id='word_1_80' title='bbox 926 3333 1037 3399; x_wconf 91' lang='lat' dir='ltr'><strong>neque</strong></span> <span class='ocrx_word' id='word_1_81' title='bbox 1064 3310 1266 3378; x_wconf 86' lang='lat' dir='ltr'><strong>solutionem</strong></span> <span class='ocrx_word' id='word_1_82' title='bbox 1296 3309 1396 3376; x_wconf 91' lang='lat' dir='ltr'><strong>buius</strong></span> <span class='ocrx_word' id='word_1_83' title='bbox 1428 3329 1522 3374; x_wconf 79' lang='lat' dir='ltr'><strong>cassas</strong></span> <span class='ocrx_word' id='word_1_84' title='bbox 1558 3308 1604 3375; x_wconf 87' lang='lat' dir='ltr'><strong>ad</strong></span> <span class='ocrx_word' id='word_1_85' title='bbox 1635 3309 1733 3377; x_wconf 88' lang='lat' dir='ltr'><strong>illum</strong></span> <span class='ocrx_word' id='word_1_86' title='bbox 1838 3308 1842 3317; x_wconf 79' lang='grc'><em>’</em></span> 
     </span>
    </p>
   </div>
   <div class='ocr_carea' id='block_1_6' title="bbox 160 3455 1845 4896">
    <p class='ocr_par' dir='ltr' id='par_1_6' title="bbox 207 3455 1733 3705">
     <span class='ocr_line' id='line_1_10' title="bbox 209 3455 1732 3553; baseline 0.001 -27"><span class='ocrx_word' id='word_1_87' title='bbox 209 3455 376 3550; x_wconf 90' lang='lat' dir='ltr'><strong>applicari</strong></span> <span class='ocrx_word' id='word_1_88' title='bbox 401 3459 491 3527; x_wconf 91' lang='lat' dir='ltr'><strong>licet.</strong></span> <span class='ocrx_word' id='word_1_89' title='bbox 543 3461 758 3529; x_wconf 79' lang='lat' dir='ltr'><strong>solutionem</strong></span> <span class='ocrx_word' id='word_1_90' title='bbox 782 3464 1028 3553; x_wconf 90' lang='lat' dir='ltr'><strong>generaliorem</strong></span> <span class='ocrx_word' id='word_1_91' title='bbox 1042 3471 1222 3550; x_wconf 89' lang='lat' dir='ltr'><strong>utrumque</strong></span> <span class='ocrx_word' id='word_1_92' title='bbox 1241 3482 1355 3529; x_wconf 87' lang='lat' dir='ltr'><strong>casum</strong></span> <span class='ocrx_word' id='word_1_93' title='bbox 1369 3460 1652 3552; x_wconf 83' lang='lat' dir='ltr'><strong>complectentem</strong></span> <span class='ocrx_word' id='word_1_94' title='bbox 1669 3459 1732 3527; x_wconf 92' lang='lat' dir='ltr'><strong>ad-</strong></span> 
     </span>
     <span class='ocr_line' id='line_1_11' title="bbox 207 3610 1733 3705; baseline 0.001 -29"><span class='ocrx_word' id='word_1_95' title='bbox 207 3610 276 3677; x_wconf 89' lang='lat' dir='ltr'><strong>buc</strong></span> <span class='ocrx_word' id='word_1_96' title='bbox 295 3631 395 3677; x_wconf 87' lang='lat' dir='ltr'><strong>nemo</strong></span> <span class='ocrx_word' id='word_1_97' title='bbox 416 3610 522 3699; x_wconf 84' lang='lat' dir='ltr'><strong>dedit,</strong></span> <span class='ocrx_word' id='word_1_98' title='bbox 548 3614 629 3702; x_wconf 91' lang='lat' dir='ltr'><strong>quin</strong></span> <span class='ocrx_word' id='word_1_99' title='bbox 655 3615 757 3682; x_wconf 91' lang='lat' dir='ltr'><strong>etiam</strong></span> <span class='ocrx_word' id='word_1_100' title='bbox 782 3621 869 3699; x_wconf 89' lang='lat' dir='ltr'><strong>sunt,</strong></span> <span class='ocrx_word' id='word_1_101' title='bbox 894 3616 953 3704; x_wconf 93' lang='lat' dir='ltr'><strong>qui</strong></span> <span class='ocrx_word' id='word_1_102' title='bbox 977 3615 1083 3682; x_wconf 88' lang='lat' dir='ltr'><strong>talem</strong></span> <span class='ocrx_word' id='word_1_103' title='bbox 1107 3613 1328 3705; x_wconf 84' lang='lat' dir='ltr'><strong>problematis</strong></span> <span class='ocrx_word' id='word_1_104' title='bbox 1348 3612 1448 3679; x_wconf 88' lang='lat' dir='ltr'><strong>buius</strong></span> <span class='ocrx_word' id='word_1_105' title='bbox 1469 3610 1671 3679; x_wconf 90' lang='lat' dir='ltr'><strong>solutionem</strong></span> <span class='ocrx_word' id='word_1_106' title='bbox 1684 3611 1733 3679; x_wconf 88' lang='lat' dir='ltr'><strong>rei</strong></span> 
     </span>
    </p>

    <p class='ocr_par' dir='ltr' id='par_1_7' title="bbox 160 3734 1845 4767">
     <span class='ocr_line' id='line_1_12' title="bbox 210 3734 1812 3859; baseline 0.001 -33"><span class='ocrx_word' id='word_1_107' title='bbox 210 3769 361 3828; x_wconf 87' lang='lat' dir='ltr'><strong>naturam</strong></span> <span class='ocrx_word' id='word_1_108' title='bbox 386 3784 455 3831; x_wconf 91' lang='lat' dir='ltr'><strong>non</strong></span> <span class='ocrx_word' id='word_1_109' title='bbox 482 3739 677 3854; x_wconf 87' lang='lat' dir='ltr'><strong>admittere,</strong></span> <span class='ocrx_word' id='word_1_110' title='bbox 710 3775 746 3833; x_wconf 92' lang='lat' dir='ltr'><strong>et</strong></span> <span class='ocrx_word' id='word_1_111' title='bbox 770 3788 905 3857; x_wconf 87' lang='lat' dir='ltr'><strong>semper</strong></span> <span class='ocrx_word' id='word_1_112' title='bbox 928 3767 1108 3857; x_wconf 85' lang='lat' dir='ltr'><strong>problema</strong></span> <span class='ocrx_word' id='word_1_113' title='bbox 1132 3767 1202 3834; x_wconf 91' lang='lat' dir='ltr'><strong>hoc</strong></span> <span class='ocrx_word' id='word_1_114' title='bbox 1225 3765 1260 3831; x_wconf 93' lang='lat' dir='ltr'><strong>in</strong></span> <span class='ocrx_word' id='word_1_115' title='bbox 1285 3764 1338 3831; x_wconf 90' lang='lat' dir='ltr'><strong>bis</strong></span> <span class='ocrx_word' id='word_1_116' title='bbox 1365 3763 1497 3831; x_wconf 88' lang='lat' dir='ltr'><strong>duobus</strong></span> <span class='ocrx_word' id='word_1_117' title='bbox 1523 3734 1653 3830; x_wconf 80' lang='lat' dir='ltr'><strong>casibus</strong></span> <span class='ocrx_word' id='word_1_118' title='bbox 1677 3761 1733 3827; x_wconf 86' lang='lat' dir='ltr'><strong>di·</strong></span> <span class='ocrx_word' id='word_1_119' title='bbox 1809 3848 1812 3859; x_wconf 33' lang='lat'>‚</span> 
     </span>
     <span class='ocr_line' id='line_1_13' title="bbox 160 3868 1734 4006; baseline 0.002 -29"><span class='ocrx_word' id='word_1_120' title='bbox 160 3868 161 3872; x_wconf 7' lang='grc' dir='ltr'><strong>Ἰ</strong></span> <span class='ocrx_word' id='word_1_121' title='bbox 209 3932 308 3992; x_wconf 83' lang='lat' dir='ltr'><strong>verso</strong></span> <span class='ocrx_word' id='word_1_122' title='bbox 341 3914 445 3981; x_wconf 92' lang='lat' dir='ltr'><strong>modo</strong></span> <span class='ocrx_word' id='word_1_123' title='bbox 478 3918 614 3984; x_wconf 88' lang='lat' dir='ltr'><strong>tractari</strong></span> <span class='ocrx_word' id='word_1_124' title='bbox 639 3918 767 3986; x_wconf 89' lang='lat' dir='ltr'><strong>debere</strong></span> <span class='ocrx_word' id='word_1_125' title='bbox 802 3917 958 3985; x_wconf 82' lang='lat' dir='ltr'><strong>dixerint.</strong></span> <span class='ocrx_word' id='word_1_126' title='bbox 1016 3916 1246 3993; x_wconf 82' lang='lat' dir='ltr'><strong>Nihilominus</strong></span> <span class='ocrx_word' id='word_1_127' title='bbox 1280 3916 1404 3983; x_wconf 89' lang='lat' dir='ltr'><strong>solutio</strong></span> <span class='ocrx_word' id='word_1_128' title='bbox 1436 3915 1514 3982; x_wconf 90' lang='lat' dir='ltr'><strong>talis</strong></span> <span class='ocrx_word' id='word_1_129' title='bbox 1543 3911 1734 4006; x_wconf 87' lang='lat' dir='ltr'><strong>generalior</strong></span> 
     </span>
     <span class='ocr_line' id='line_1_14' title="bbox 209 4026 1732 4162; baseline 0.001 -32"><span class='ocrx_word' id='word_1_130' title='bbox 209 4063 351 4131; x_wconf 74' lang='lat' dir='ltr'><strong>investiri</strong></span> <span class='ocrx_word' id='word_1_131' title='bbox 366 4073 492 4155; x_wconf 91' lang='lat' dir='ltr'><strong>potest,</strong></span> <span class='ocrx_word' id='word_1_132' title='bbox 515 4077 549 4135; x_wconf 90' lang='lat' dir='ltr'><strong>et</strong></span> <span class='ocrx_word' id='word_1_133' title='bbox 573 4070 722 4162; x_wconf 85' lang='lat' dir='ltr'><strong>pagellis</strong></span> <span class='ocrx_word' id='word_1_134' title='bbox 747 4070 960 4158; x_wconf 83' lang='lat' dir='ltr'><strong>sequentibus</strong></span> <span class='ocrx_word' id='word_1_135' title='bbox 989 4093 1074 4156; x_wconf 92' lang='lat' dir='ltr'><strong>eam,</strong></span> <span class='ocrx_word' id='word_1_136' title='bbox 1101 4026 1202 4160; x_wconf 90' lang='lat' dir='ltr'><strong>quarn</strong></span> <span class='ocrx_word' id='word_1_137' title='bbox 1223 4077 1418 4156; x_wconf 85' lang='lat' dir='ltr'><strong>assequutus</strong></span> <span class='ocrx_word' id='word_1_138' title='bbox 1445 4089 1529 4149; x_wconf 88' lang='lat' dir='ltr'><strong>sum,</strong></span> <span class='ocrx_word' id='word_1_139' title='bbox 1555 4084 1732 4155; x_wconf 82' lang='lat' dir='ltr'><strong>exponam.</strong></span> 
     </span>
     <span class='ocr_line' id='line_1_15' title="bbox 212 4214 1734 4311; baseline 0 -28"><span class='ocrx_word' id='word_1_140' title='bbox 212 4214 310 4299; x_wconf 80' lang='lat' dir='ltr'><strong>Quae</strong></span> <span class='ocrx_word' id='word_1_141' title='bbox 335 4215 460 4283; x_wconf 86' lang='lat' dir='ltr'><strong>solutio</strong></span> <span class='ocrx_word' id='word_1_142' title='bbox 488 4217 683 4290; x_wconf 90' lang='lat' dir='ltr'><strong>immediate</strong></span> <span class='ocrx_word' id='word_1_143' title='bbox 708 4221 753 4289; x_wconf 89' lang='lat' dir='ltr'><strong>ad</strong></span> <span class='ocrx_word' id='word_1_144' title='bbox 777 4244 892 4290; x_wconf 88' lang='lat' dir='ltr'><strong>casum</strong></span> <span class='ocrx_word' id='word_1_145' title='bbox 913 4222 1154 4311; x_wconf 85' lang='lat' dir='ltr'><strong>posteriorem,</strong></span> <span class='ocrx_word' id='word_1_146' title='bbox 1188 4224 1246 4311; x_wconf 91' lang='lat' dir='ltr'><strong>qui</strong></span> <span class='ocrx_word' id='word_1_147' title='bbox 1271 4220 1439 4288; x_wconf 85' lang='lat' dir='ltr'><strong>theoriam</strong></span> <span class='ocrx_word' id='word_1_148' title='bbox 1463 4219 1580 4284; x_wconf 88' lang='lat' dir='ltr'><strong>Lunae</strong></span> <span class='ocrx_word' id='word_1_149' title='bbox 1606 4216 1734 4283; x_wconf 87' lang='lat' dir='ltr'><strong>consti-</strong></span> 
     </span>
     <span class='ocr_line' id='line_1_16' title="bbox 211 4345 1845 4471; baseline -0.001 -37"><span class='ocrx_word' id='word_1_150' title='bbox 211 4368 294 4451; x_wconf 85' lang='lat' dir='ltr'><strong>tuit,</strong></span> <span class='ocrx_word' id='word_1_151' title='bbox 326 4368 492 4460; x_wconf 84' lang='lat' dir='ltr'><strong>pertinet,</strong></span> <span class='ocrx_word' id='word_1_152' title='bbox 524 4369 572 4436; x_wconf 88' lang='lat' dir='ltr'><strong>ita</strong></span> <span class='ocrx_word' id='word_1_153' title='bbox 597 4379 709 4440; x_wconf 90' lang='lat' dir='ltr'><strong>autem</strong></span> <span class='ocrx_word' id='word_1_154' title='bbox 742 4381 938 4464; x_wconf 79' lang='lat' dir='ltr'><strong>comparata</strong></span> <span class='ocrx_word' id='word_1_155' title='bbox 970 4381 1040 4457; x_wconf 89' lang='lat' dir='ltr'><strong>est,</strong></span> <span class='ocrx_word' id='word_1_156' title='bbox 1072 4380 1111 4440; x_wconf 93' lang='lat' dir='ltr'><strong>ut</strong></span> <span class='ocrx_word' id='word_1_157' title='bbox 1135 4372 1233 4442; x_wconf 79' lang='lat' dir='ltr'><strong>iactis</strong></span> <span class='ocrx_word' id='word_1_158' title='bbox 1258 4373 1364 4440; x_wconf 91' lang='lat' dir='ltr'><strong>tribus</strong></span> <span class='ocrx_word' id='word_1_159' title='bbox 1389 4369 1632 4457; x_wconf 77' lang='lat' dir='ltr'><strong>quantitatibus</strong></span> <span class='ocrx_word' id='word_1_160' title='bbox 1656 4367 1734 4456; x_wconf 86' lang='lat' dir='ltr'><strong>qui·-</strong></span> <span class='ocrx_word' id='word_1_161' title='bbox 1794 4345 1803 4355; x_wconf 39' lang='lat'>⁸</span> <span class='ocrx_word' id='word_1_162' title='bbox 1840 4455 1845 4471; x_wconf 25' lang='lat' dir='ltr'>x</span> 
     </span>
     <span class='ocr_line' id='line_1_17' title="bbox 212 4518 1736 4614; baseline 0 -28"><span class='ocrx_word' id='word_1_163' title='bbox 212 4518 355 4587; x_wconf 91' lang='lat' dir='ltr'><strong>busdam</strong></span> <span class='ocrx_word' id='word_1_164' title='bbox 381 4520 484 4587; x_wconf 85' lang='lat' dir='ltr'><strong>ciirae</strong></span> <span class='ocrx_word' id='word_1_165' title='bbox 517 4522 727 4610; x_wconf 90' lang='lat' dir='ltr'><strong>aequalibus,</strong></span> <span class='ocrx_word' id='word_1_166' title='bbox 762 4526 886 4592; x_wconf 89' lang='lat' dir='ltr'><strong>solutio</strong></span> <span class='ocrx_word' id='word_1_167' title='bbox 920 4525 1089 4611; x_wconf 88' lang='lat' dir='ltr'><strong>eliciatur,</strong></span> <span class='ocrx_word' id='word_1_168' title='bbox 1133 4547 1235 4614; x_wconf 90' lang='lat' dir='ltr'><strong>quam</strong></span> <span class='ocrx_word' id='word_1_169' title='bbox 1266 4544 1331 4614; x_wconf 93' lang='lat' dir='ltr'><strong>pro</strong></span> <span class='ocrx_word' id='word_1_170' title='bbox 1357 4542 1433 4588; x_wconf 86' lang='lat' dir='ltr'><strong>casu</strong></span> <span class='ocrx_word' id='word_1_171' title='bbox 1458 4521 1582 4613; x_wconf 87' lang='lat' dir='ltr'><strong>priori,</strong></span> <span class='ocrx_word' id='word_1_172' title='bbox 1616 4520 1675 4609; x_wconf 89' lang='lat' dir='ltr'><strong>qui</strong></span> <span class='ocrx_word' id='word_1_173' title='bbox 1699 4519 1736 4585; x_wconf 90' lang='lat' dir='ltr'><strong>iu</strong></span> 
     </span>
     <span class='ocr_line' id='line_1_18' title="bbox 214 4667 1733 4767; baseline 0.001 -32"><span class='ocrx_word' id='word_1_174' title='bbox 214 4669 349 4750; x_wconf 81' lang='lat' dir='ltr'><strong>theoria</strong></span> <span class='ocrx_word' id='word_1_175' title='bbox 369 4671 585 4762; x_wconf 84' lang='lat' dir='ltr'><strong>planetarum</strong></span> <span class='ocrx_word' id='word_1_176' title='bbox 608 4674 720 4743; x_wconf 90' lang='lat' dir='ltr'><strong>locum</strong></span> <span class='ocrx_word' id='word_1_177' title='bbox 745 4674 862 4761; x_wconf 85' lang='lat' dir='ltr'><strong>babet,</strong></span> <span class='ocrx_word' id='word_1_178' title='bbox 887 4672 955 4744; x_wconf 87' lang='lat' dir='ltr'><strong>iam</strong></span> <span class='ocrx_word' id='word_1_179' title='bbox 978 4675 1109 4767; x_wconf 88' lang='lat' dir='ltr'><strong>publici</strong></span> <span class='ocrx_word' id='word_1_180' title='bbox 1133 4675 1212 4743; x_wconf 85' lang='lat' dir='ltr'><strong>iun&#39;s</strong></span> <span class='ocrx_word' id='word_1_181' title='bbox 1237 4675 1315 4741; x_wconf 83' lang='lat' dir='ltr'><strong>feci.</strong></span> <span class='ocrx_word' id='word_1_182' title='bbox 1353 4673 1505 4745; x_wconf 85' lang='lat' dir='ltr'><strong>Theoria</strong></span> <span class='ocrx_word' id='word_1_183' title='bbox 1528 4673 1633 4766; x_wconf 87' lang='lat' dir='ltr'><strong>igitur</strong></span> <span class='ocrx_word' id='word_1_184' title='bbox 1654 4667 1733 4762; x_wconf 77' lang='lat' dir='ltr'><strong>pla·</strong></span> 
     </span>
    </p>

    <p class='ocr_par' dir='ltr' id='par_1_8' title="bbox 1214 4822 1331 4896">
     <span class='ocr_line' id='line_1_19' title="bbox 1214 4822 1331 4896; baseline 0 -24"><span class='ocrx_word' id='word_1_185' title='bbox 1214 4822 1284 4896; x_wconf 79' lang='lat'><strong>*2</strong></span> <span class='ocrx_word' id='word_1_186' title='bbox 1323 4823 1331 4835; x_wconf 72' lang='grc'><em>“</em></span> 
     </span>
    </p>
   </div>
   <div class='ocr_carea' id='block_1_7' title="bbox 0 0 2139 5536">
    <p class='ocr_par' dir='ltr' id='par_1_9' title="bbox 0 0 2139 5536">
     <span class='ocr_line' id='line_1_20' title="bbox 0 0 2139 5536; baseline 0 0"><span class='ocrx_word' id='word_1_187' title='bbox 0 0 2139 5536; x_wconf 95' lang='lat' dir='ltr'><strong> </strong></span> 
     </span>
    </p>
   </div>
  </div>
 </body>
</html>
