4254 5536
630 1745 1023 1877 sucuro
1099 1743 1262 1897 111„

833 1995 1030 2011 Μ

167 2143 438 2214 GENERALIS
482 2139 841 2232 AEQVATIONVM
876 2147 926 2216 IN
957 2142 1394 2217 PRAECEDENTIBVS
1428 2141 1683 2211 ΕΧΗΙΒΙΤΑ-

722 2274 831 2343 RVM
857 2271 1120 2344 EVOLVTIO.

789 2447 1056 2461 nm

910 2624 941 2693 1.

166 2773 224 2900 lo
256 2828 390 2897 theoria
422 2830 655 2922 planetarum,
697 2831 806 2920 qualis
840 2830 876 2899 in
909 2829 1045 2901 theoria
1077 2854 1153 2900 mea
1191 2828 1283 2898 lovis
1308 2836 1343 2894 et
1368 2825 1506 2896 Saturni
1532 2828 1687 2920 exposita

166 2949 235 3039 est,
277 2975 346 3022 non
380 2957 601 3042 quantitatem
634 2957 673 3044 β,
717 2949 777 3024 'sed
805 2956 883 3025 loeo
917 2958 989 3027 eius
1022 2967 1057 3024 et
1088 2957 1124 3023 in
1155 2954 1268 3044 prima
1302 2962 1336 3020 et
1368 2954 1404 3020 in
1440 2955 1589 3022 secunda
1620 2976 1686 3045 ap·

166 3080 415 3175 proximatione
453 3081 566 3148 statim
607 3101 640 3148 w
680 3082 891 3172 computavi3
940 3092 975 3150 et
1014 3079 1198 3149 formulam
1237 3076 1508 3168 perturbationes
1548 3079 1687 3147 secundi

168 3207 293 3276 ordinis
327 3214 485 3295 respectu
518 3228 703 3274 massarum
735 3207 841 3300 ipsius
875 3205 962 3297 (π)ζ
985 3205 1262 3300 suppeditantem
1287 3204 1336 3273 itu
1360 3206 1574 3297 comparavi,
1605 3215 1646 3277 ut
1667 3206 1723 3295 fio

170 3356 238 3403 non
263 3332 461 3416 contineret,
487 3353 591 3420 quare
615 3329 681 3398 hae
706 3333 895 3422 quantitate
920 3354 1007 3425 opus
1033 3353 1102 3400 non
1128 3339 1208 3398 erat.
1260 3328 1494 3413 Quantitatem
1508 3353 1590 3401 vero
1606 3330 1693 3422 (ππ

169 3471 203 3527 et
227 3461 264 3526 in
289 3458 399 3550 prima
424 3467 458 3525 et
482 3456 518 3523 in
544 3456 692 3525 secunda
717 3455 1010 3548 approximatione
1035 3455 1241 3549 computavi,
1268 3465 1302 3522 et
1327 3456 1444 3526 valore
1460 3458 1561 3528 huius
1580 3481 1689 3548 quan·

169 3586 275 3654 titatis
302 3607 364 3668 eo,
397 3583 456 3672 qui
481 3581 517 3649 in
541 3583 653 3673 prima
677 3582 973 3675 approximatione
998 3591 1111 3652 erutus
1137 3591 1228 3666 erat,
1261 3603 1349 3674 opus
1382 3584 1448 3652 fuit
1482 3586 1527 3653 ad
1552 3596 1688 3677 pertur-

169 3712 322 3779 bationes
364 3707 504 3776 secundi
541 3707 668 3776 ordinis
712 3708 818 3800 ipsius
844 3709 927 3797 η(ζ)
962 3707 1227 3800 computandas,
1261 3708 1340 3796 quia
1372 3710 1521 3780 formula
1552 3725 1688 3805 pertur-

168 3836 321 3904 bationes
354 3833 494 3903 secundi
519 3832 648 3903 ordinis
672 3832 773 3903 huius
799 3835 997 3925 quantitatis
1024 3834 1248 3926 suppeditans
1274 3834 1406 3903 functio
1432 3848 1484 3905 est
1508 3840 1688 3930 perturba·
1733 3822 1738 3837 ⁸

168 3963 300 4030 tionum
326 3958 426 4049 primi
451 3960 578 4028 ordinis
604 3961 711 4050 ipsius
738 3956 830 4048 (oJK.
884 3958 961 4044 Qua
986 3960 1177 4049 quantitate
1201 3961 1355 4047 inventa,
1382 3963 1547 4034 mutanda
1570 3986 1590 4030 r
1614 3964 1649 4031 in
1676 3972 1690 4030 t

170 4091 278 4178 ipsam
305 4082 392 4171 (ng
417 4084 525 4152 elicui.

270 4210 348 4279 Hoc
372 4229 454 4276 vero
480 4209 559 4276 loeo
584 4211 686 4279 aliam
710 4210 881 4304 ingrediar
906 4212 1012 4293 viam,
1039 4232 1107 4298 qua
1132 4234 1242 4300 neque
1265 4213 1287 4298 β
1313 4236 1423 4303 neque
1451 4217 1568 4306 §ipsa
1593 4239 1689 4287 com-

171 4335 352 4430 putabitur.
412 4333 592 4402 Formulas
622 4335 777 4403 evolvam
810 4358 896 4424 quae
928 4334 1123 4404 immediate
1147 4357 1169 4402 z
1193 4346 1295 4427 atque
1320 4360 1353 4406 w
1378 4342 1618 4432 suppeditant,
1655 4358 1690 4413 et

169 4466 206 4531 in
230 4461 285 4530 his
310 4459 464 4530 formulis
489 4455 761 4552 perturbationes
787 4459 943 4527 ordinum
967 4460 1165 4530 inferiorum
1196 4462 1347 4553 ipsarum
1380 4463 1401 4549 ζ
1432 4477 1466 4535 et
1489 4469 1511 4556 β
1536 4468 1689 4539 elimina·

171 4599 227 4658 tre
251 4598 286 4656 et
309 4584 619 4682 perturbationibus
645 4582 812 4651 eiusmodi
836 4586 989 4678 ipsarum
1013 4608 1035 4654 s
1058 4596 1093 4655 et
1107 4606 1142 4653 so
1156 4585 1313 4657 redditos
1330 4601 1437 4660 erunt
1488 4593 1568 4663 Tati
1586 4597 1689 4665 modo

171 4714 324 4784 formulis
358 4712 575 4794 constructis,
615 4707 826 4800 computatio
856 4712 1148 4800 perturbationum
1175 4711 1285 4783 multo
1307 4715 1444 4788 brevior
1469 4721 1600 4787 reddito
1626 4734 1688 4789 est.
