4254 5536
326 558 485 646 quoniam
511 554 644 623 termini
668 553 704 621 in
729 552 749 639 ζ
771 573 835 645 per
861 550 895 638 (r
910 587 960 601 -
974 548 1005 638 t)
1031 550 1275 644 multiplicati,
1309 552 1368 641 qni
1390 553 1427 619 in
1451 551 1568 618 valore
1592 551 1699 643 ipsius
1724 572 1747 616 z
1771 552 1850 639 qni·

327 683 405 750 dem
438 687 659 763 evanescunt,
703 699 848 768 quornm
872 698 954 747 vero
979 700 1136 746 nnmems
1162 677 1197 743 in
1223 675 1244 762 ζ
1266 679 1467 769 praesertim
1492 679 1529 745 in
1553 675 1853 768 approximatione

329 807 477 876 secunda
502 815 536 874 et
561 793 737 871 altioribus
762 800 947 871 admodum
971 826 1113 896 magnus
1139 812 1209 888 est,
1235 805 1374 873 omnino
1399 826 1471 873 non
1495 803 1630 872 adsunt.

426 933 483 1001 Ad
516 932 585 999 hoe
617 930 834 1020 propositum
860 928 1108 1018 assequendum
1143 930 1367 1018 quantitatem
1395 930 1442 1017 Τ,
1485 953 1590 1020 quae,
1625 929 1855 1022 integratione

263 1040 266 1047 ⁴
328 1061 441 1152 priore
461 1066 621 1148 respectu
644 1054 751 1146 ipsius
775 1076 794 1120 a
817 1054 980 1138 instituta,
1005 1061 1163 1145 respectu
1187 1055 1294 1149 ipsius
1319 1063 1335 1123 t
1359 1055 1562 1150 integranda
1583 1061 1681 1140 esset,
1705 1055 1857 1147 primum

328 1195 487 1277 respectu
511 1184 618 1274 ipsius
643 1186 658 1248 t
682 1179 873 1273 integrabo‚
899 1189 935 1249 et
961 1179 1095 1267 deinde,
1121 1188 1251 1249 mutata
1274 1205 1293 1251 r
1317 1183 1353 1251 in
1377 1189 1402 1271 t,
1428 1183 1571 1251 alteram
1592 1181 1856 1273 integrationem

328 1297 487 1403 respectu
512 1309 618 1399 ipsius
645 1314 660 1373 t
684 1329 859 1398 peragam.
920 1305 990 1390 Qui
1014 1306 1208 1399 integrandi
1233 1309 1319 1378 ordo
1345 1310 1447 1378 etiam
1471 1307 1686 1377 adhibendus
1724 1318 1794 1392 est,
1826 1309 1857 1376 si

328 1436 492 1506 formulas
517 1446 648 1501 nostras
674 1432 721 1500 ad
746 1441 954 1501 cometamm
977 1433 1261 1523 perturbationes,
1288 1459 1376 1526 quae
1391 1458 1460 1528 ope
1476 1434 1757 1524 quadraturarum
1778 1457 1854 1502 me·

328 1562 564 1645 chanicarnm,
589 1581 673 1649 quas
700 1558 828 1644 dicunt,
854 1558 1053 1644 eliciuntur,
1079 1559 1333 1652 investigandas
1358 1561 1523 1630 adhibere
1548 1560 1642 1629 velis.

429 1686 545 1771 Quum
569 1686 606 1752 in
629 1694 724 1752 motu
749 1685 869 1752 Lunae
893 1705 964 1752 non
987 1683 1093 1752 modo
1123 1686 1259 1755 termini
1290 1688 1430 1756 secundi
1464 1686 1590 1754 ordinis
1615 1695 1776 1777 respectu
1801 1687 1855 1752 vis

327 1813 569 1908 perturbantis,
596 1810 659 1878 sed
684 1810 787 1879 etiam
811 1809 947 1876 termini
973 1808 1130 1877 nonnulli
1155 1811 1246 1879 tertii
1271 1812 1398 1883 ordinis
1422 1815 1491 1883 rim
1515 1812 1685 1895 habeant,
1720 1810 1853 1878 formu-

327 1940 378 2008 las
403 1940 554 2007 valorem
578 1935 685 2028 ipsius
710 1957 733 2004 a
758 1944 793 2004 et
817 1935 923 2027 ipsius
948 1956 982 2002 w
1007 1936 1267 2027 suppeditantes
1300 1961 1407 2029 nsque
1440 1939 1485 2008 ad
1510 1939 1715 2028 quantitates
1741 1937 1853 2026 quarti
1931 1978 1932 1983 κ

329 2045 455 2134 ordinis
483 2061 639 2134 omnibns
664 2061 818 2154 partibus
845 2061 999 2153 expletas
1024 2062 1190 2134 evolvam.

1068 2392 1101 2455 2.

429 2545 653 2633 liesumamus
678 2562 860 2632 formulam

1005 3083 1112 3135 *dr

330 3232 436 3300 quae,
462 3208 611 3277 indicata
637 3204 923 3277 differentiatione
948 3205 1118 3291 instituta,
1145 3206 1184 3273 fit

1244 3563 1258 3596 2

822 3654 826 3662 ·
874 3560 972 3708 (ii-l
1143 3561 1240 3707 (l-{l
1266 3602 1274 3740 j

431 3818 545 3900 Quum
570 3812 755 3881 secundnm
781 3821 843 3880 art.
872 3812 930 3886 18.
956 3812 1047 3881 Sect
1072 3811 1116 3880 ll
1141 3771 1179 3918 {f
1202 3813 1247 3881 sit
1271 3816 1440 3904 quantitas
1467 3816 1560 3884 onius
1585 3818 1750 3886 terminus
1772 3840 1792 3883 a
1816 3819 1849 3884 vi

329 3965 547 4063 perturbante
572 3960 808 4052 independens
822 3955 945 4029 'unitas
970 3962 1046 4053 ipsa
1073 3970 1143 4048 est,
1169 3986 1335 4054 ponamus

779 4127 1211 4298 (3-5)=1÷(‘{{·

333 4404 394 4500 nbi¹
413 4406 517 4497 igitur
550 4361 661 4510 (ἐξ)
684 4403 846 4473 terminos
877 4405 1092 4475 solummodo
1125 4407 1278 4498 continet
1297 4422 1332 4476 'a
1362 4411 1397 4476 vi
1431 4410 1652 4501 perturbante
1681 4385 1846 4503 prolatos.

227 4562 229 4567 '
333 4554 523 4625 Substitnta
556 4555 623 4622 hac
652 4555 870 4648 expressione
900 4556 937 4624 in
968 4555 1198 4647 praecedente
1222 4561 1442 4652 expressione
1465 4559 1573 4650 ipsius
1601 4558 1651 4643 Τ,
1691 4559 1846 4646 habens,

333 4682 362 4748 si
387 4679 537 4749 evolutio
560 4701 667 4768 nsque
691 4681 738 4750 ad
761 4681 968 4773 quantitates
990 4681 1105 4771 quarti
1126 4682 1258 4754 ordinis
1282 4683 1436 4775 perfecta
1461 4686 1565 4772 erit,
