4254 5536
139 578 141 583 .
286 503 357 573 sire
381 501 576 573 adiumento
601 498 839 588 aequationum
865 495 948 587 (36)

588 647 645 740 dp
670 673 716 710 =
741 685 792 698 -
819 669 876 713 cos
902 645 998 760 ipos
1023 640 1111 733 χάφ
1136 636 1182 739 -Ι-
1207 667 1264 713 eos
1291 643 1305 712 i
1330 645 1381 712 sin
1404 642 1488 734 χάσ

590 773 647 863 dq
671 794 717 835 -τ
819 794 876 839 eos
903 770 992 838 isin
1024 762 1490 859 χάψ-Ι-οοείοοεχάσ

281 909 364 998 ¹lam
393 923 513 992 habita
547 922 583 988 n
608 932 642 989 et
672 944 738 1014 pro
765 921 939 987 functione
963 919 1113 1008 ipsarum
1138 940 1184 1007 φ,
1209 941 1262 1014 φ’,
1288 941 1325 1007 χ,
1348 919 1394 1006 ψ,
1419 931 1458 1007 6,
1485 927 1519 988 et
1541 936 1607 1010 pro
1631 915 1815 999 iunctione,

123 1075 154 1136 ².
290 1053 441 1146 ipsarum
464 1049 503 1135 λ,
528 1047 575 1145 λ’,
598 1070 635 1135 χ,
655 1070 702 1139 p,
729 1069 768 1136 q,
802 1043 1028 1138 algorithmus
1061 1052 1159 1111 notus
1195 1042 1474 1114 differentialium'
1503 1044 1699 1137 partialium
1723 1066 1809 1137 sup·

749 1388 758 1446 ³
872 1308 1119 1495 ,reo
1148 1379 1157 1437 ³
1186 1309 1314 1477 o)
1328 1312 1518 1500 aa)
1534 1311 1721 1480 αξξ)

397 1521 1300 1708 earn
1360 1521 1453 1707 e)

383 1842 386 1848 ¹
437 1738 584 1905 effi:
677 1780 878 1868 cosrsnx
904 1728 1415 1918 (ἓᾘωῡῐωδχῶῗ

299 1999 442 2071 quarum
467 1977 620 2044 sinistrae
645 1980 760 2063 partes
785 1993 850 2063 pro
875 1968 1104 2037 functionibus
1128 1968 1278 2058 ipsarum
1303 1993 1350 2059 φ,
1376 1991 1428 2067 φ’,
1456 1976 1539 2052 eto,
1574 1965 1712 2036 dextrae
1734 1985 1817 2035 vero

298 2114 414 2199 partes
430 2103 504 2196 'pro
529 2099 759 2168 functionibus
785 2098 936 2188 ipsarum
960 2094 997 2181 λ,
1023 2094 1069 2192 λ’,
1097 2101 1160 2161 etc.
1188 2092 1368 2162 habendae
1393 2101 1480 2165 sunt.
1531 2093 1663 2180 Quibus
1689 2114 1820 2185 aequa<

299 2230 447 2299 tionibus
474 2227 691 2318 aequationes
719 2223 802 2312 (37)
830 2221 932 2290 facile
957 2227 1221 2287 transmutantur
1244 2219 1280 2286 in
1305 2219 1368 2288 has

306 3474 366 3544 ubi
398 3471 630 3561 aequationem
661 3491 726 3559 pro
760 3468 812 3557 ἀχ
843 3467 957 3554 omisi,
984 3466 1154 3558 quiahoc
1179 3491 1265 3562 opus
1291 3495 1361 3540 non
1388 3479 1449 3540 est.
1499 3470 1705 3559 Quinque
1732 3468 1823 3539 enim

308 3595 525 3686 aequationes
562 3594 804 3683 praecedentes
830 3593 875 3661 ad
900 3595 1015 3663 locum
1041 3597 1192 3688 e'orporis
1219 3597 1375 3665 eoelestis
1400 3596 1436 3663 in
1462 3597 1573 3688 spatio
1597 3620 1662 3689 per
1685 3597 1824 3666 metho-

221 3777 224 3789 .
309 3725 391 3794 dum
416 3729 565 3788 nostram
590 3719 880 3789 determinandum
905 3722 1095 3808 sufiiciunt,
1129 3746 1334 3814 quamquam
1366 3722 1461 3789 locus
1488 3724 1640 3814 corporis
1666 3725 1823 3796 coelestia

309 3849 450 3922 alieuius
482 3866 551 3913 non
584 3845 692 3913 minus
719 3868 820 3933 quam
846 3847 1067 3934 aequationeu
1088 3850 1332 3939 praecedentes
1362 3850 1459 3939 iprae
1485 3869 1527 3914 ex
1552 3848 1725 3919 elementis
1750 3872 1824 3920 aex

309 3952 454 4068 pendet,
479 3969 573 4061 quod
596 3970 796 4060 paradoxon
822 3969 1081 4060 expendendum
1106 3972 1227 4039 lectori
1251 3974 1362 4064 perito
1387 3972 1554 4062 relinquo.

266 4130 267 4134 ¹
410 4095 656 4169 Deuotantibus
687 4117 710 4161 o
742 4094 991 4186 longitudinem
1016 4118 1130 4163 veram
1155 4096 1191 4162 in
1216 4097 1342 4182 orbita,
1376 4099 1530 4167 asinum
1554 4099 1741 4168 latitudinis
1766 4122 1823 4170 su-

309 4247 376 4318 pra
398 4225 540 4316 planum
563 4222 669 4289 fixum
692 4221 842 4313 ipsarum
868 4244 925 4313 ay
950 4233 983 4290 et
1010 4222 1024 4290 l
1056 4221 1305 4314 longitudinem
1336 4244 1451 4293 veram
1482 4226 1527 4295 ad
1559 4225 1652 4295 idem
1681 4223 1822 4319 planum

312 4350 503 4439 reductam,
529 4350 692 4420 habemur
718 4370 782 4441 per
805 4349 1096 4441 trigonometriam
1122 4347 1335 4438 sphaericam

831 4520 923 4568 o:
949 4500 1000 4567 sin
1025 4497 1039 4565 i
1063 4495 1156 4585 siu(
1187 4491 1275 4587 -t)

652 4629 701 4720 o
726 4617 852 4719 o-o
877 4651 925 4693 ==
951 4632 1001 4719 a
1027 4615 1162 4716 (v-lt
1188 4646 1245 4695 cos
1271 4622 1285 4691 .·
