4254 5536
822 353 832 361 ·
958 313 1012 411 ol

829 521 1148 622 at†er²÷etc.

229 658 287 748 qui
324 659 391 752 ipsi
431 655 462 724 V
489 658 524 724 in
558 664 619 723 art.
644 649 681 728 4,
713 655 926 724 introductae
952 653 1160 748 adiungendi
1184 660 1278 742 sunt,
1310 655 1358 724 ita
1382 660 1421 724 ut
1450 650 1483 722 V
1502 657 1639 724 omnino
1662 677 1744 727 con·
1790 723 1792 726 ,

230 792 321 853 stans
348 783 503 869 nonsit,
537 781 598 849 sed
622 779 721 849 huius
747 781 877 849 formae

755 896 1205 1004 u÷o÷u÷o

227 1032 287 1102 ubi
326 1030 378 1130 K,
414 1031 478 1131 K,
514 1027 559 1130 K
584 1039 648 1100 etc.
676 1039 878 1100 constantes.
939 1029 1030 1098 Hine
1062 1029 1214 1119 sequitur
1244 1035 1283 1098 ut
1312 1029 1423 1103 forma
1446 1027 1551 1122 ipsius
1575 1053 1601 1121 y
1625 1031 1738 1103 futura

228 1155 384 1234 urmes

674 1249 825 1354 so1÷
826 1245 1285 1358 messoywsoo

227 1405 286 1478 ubi
308 1430 365 1507 y,
395 1428 438 1504 y
453 1454 463 1493 ‚
493 1428 546 1506 ym
561 1415 664 1494 ‚ete
689 1429 760 1478 non
783 1408 894 1476 minus
920 1429 1023 1497 quam
1048 1404 1105 1496 (u)
1131 1413 1323 1477 constantes
1343 1411 1434 1484 sunt.
1491 1403 1611 1497 Ergo,
1638 1376 1743 1496 quum

226 1535 412 1604 seeundum
435 1529 554 1608 uss
580 1535 625 1602 sit

823 1632 935 1715 sbi:
951 1630 1104 1725 (msydt

226 1785 305 1854 loeo
333 1783 436 1876 [ἠμί
460 1787 497 1853 in
520 1784 675 1854 tunnulis
701 1783 982 1877 praecedentibus
1009 1782 1166 1853 substitui
1190 1781 1293 1851 debet

558 1920 561 1924 ¹
599 1934 711 2032 tos!
727 1928 774 2028 ÷
789 1927 979 2034 binis?
995 1929 1041 2029 'l'-
1055 1925 1249 2032 g-(nrymr
1267 1937 1329 2001 02⁰·

223 2082 332 2154 Porro
356 2087 394 2154 in
419 2067 556 2157 evdlutn
581 2088 768 2179 quantitate
797 2085 1033 2156 Tadstabunt
1057 2085 1190 2154 termini
1215 2083 1254 2153 hi

733 2206 858 2308 ΗΓ
830 2209 875 2279 kt
891 2210 988 2311 -Ηε
991 2205 1019 2279 t2
1032 2207 1077 2307 †
1094 2221 1158 2280 etc.

226 2368 285 2460 qui
312 2390 353 2436 ex
378 2369 582 2438 coordinatis
608 2340 735 2440 Solis
726 2394 761 2437 rn
788 2330 893 2485 [Ξ-ῗ)
918 2373 1105 2440 substitutis
1132 2342 1351 2463 proueniunt,
1388 2336 1550 2458 atquem
1575 2388 1596 2435 z
1620 2366 1739 2475 termi-

224 2515 286 2563 nos
312 2493 377 2563 hos

681 2592 724 2662 kt
739 2590 785 2689 -}-
799 2590 893 2695 {kf
906 2587 1068 2693 -l-{slrut'
1086 2587 1133 2689 ·{-
1148 2602 1211 2663 etc.

223 2743 377 2838 gignent,
401 2743 462 2811 ubi
477 2740 565 2833 lsi„
581 2750 642 2811 ete.
660 2754 865 2832 constantes,
890 2746 949 2835 qui
973 2744 1108 2813 termini
1121 2765 1235 2810 ornnes
1246 2741 1516 2836 perturbationes
1530 2742 1738 2812 constituunt

128 2899 131 2906 ’
225 2870 288 2940 sub
320 2869 509 2937 nominibus
534 2870 728 2940 variationis
755 2873 933 2941 saecularis
960 2880 1071 2940 motus
1098 2870 1200 2939 medii
1227 2878 1261 2938 et
1285 2868 1439 2962 perigaei
1463 2867 1604 2935 Lunaris
1630 2874 1738 2937 notas.

322 2996 438 3087 Ergo,
469 2996 549 3062 licet
580 3000 739 3065 terminos
773 3020 889 3066 omnes
915 3022 979 3089 per
1002 3007 1137 3088 tempus
1162 2997 1275 3086 ipsum
1301 3001 1337 3060 et
1359 3014 1423 3084 per
1447 2993 1610 3084 temporis
1634 3003 1737 3085 pote-

224 3129 327 3191 states
359 3122 603 3212 multiplicatos
636 3145 793 3192 amovere
824 3146 1017 3215 possemus,
1062 3133 1175 3190 tamen
1206 3120 1365 3189 terminos
1403 3120 1506 3187 modo
1546 3119 1736 3213 descriptos

223 3248 457 3333 admittemus,
484 3248 562 3337 quia
588 3249 688 3315 series
714 3250 925 3341 rapidissime
951 3256 1193 3341 convergentes
1219 3247 1443 3330 constituunt,
1470 3253 1504 3312 et
1525 3246 1603 3334 quia
1627 3246 1733 3312 intro·

224 3373 339 3443 ductio
378 3375 588 3442 functionum
628 3396 715 3466 pure
753 3376 1001 3466 periodicarum
1039 3382 1150 3443 motus
1190 3372 1300 3458 Solis,
1332 3394 1353 3438 a
1384 3368 1503 3458 quibus
1536 3369 1636 3438 series
1666 3368 1734 3440 hae

224 3497 391 3594 originem
416 3499 570 3587 trahunt,
597 3501 740 3568 molesta
766 3509 801 3569 et
825 3523 944 3569 manca
969 3502 1067 3568 foret.

957 3721 992 3792 8.

324 3871 392 3939 Per
417 3874 570 3965 analysin
595 3873 859 3965 praecedentem
883 3874 1044 3941 terminos
1071 3873 1245 3942 evitandos
1270 3896 1334 3966 per
1357 3880 1493 3968 tempus
1517 3873 1629 3968 ipsum
1644 3869 1733 3939 rnul-

223 3995 398 4091 tiplicatos
425 3997 467 4065 ab
492 3999 712 4090 integralibus
739 3999 992 4091 expressionum
1016 3999 1166 4092 ipsarum
1194 3988 1232 4068 Y
1250 4009 1351 4091 atque
1375 3998 1429 4086 R,
1463 3984 1626 4089 equibus
1649 4018 1732 4092 per-

223 4121 431 4191 turbationes
459 4123 678 4215 longitudinis
704 4135 805 4215 atque
830 4124 915 4192 radii
941 4127 1084 4194 vectoris
1110 4128 1276 4219 pendent,
1302 4128 1504 4210 amovimus,
1538 4135 1572 4192 et
1596 4125 1733 4214 quidem

224 4248 392 4317 calculum
417 4249 464 4315 ita
489 4251 702 4338 instituimus,
726 4262 764 4321 ut
789 4247 978 4320 functiones
1004 4249 1058 4335 Λζ
1081 4262 1115 4321 et
1142 4224 1191 4338 Ei
1210 4253 1404 4321 arbitrariae
1428 4260 1608 4319 manerent.
1658 4252 1745 4322 An-.

183 4409 187 4415 ·
227 4380 365 4464 tequam
397 4372 460 4442 has
492 4376 680 4443 functiones
706 4379 880 4469 aptissime
906 4377 1177 4447 determinandas
1213 4377 1447 4473 aggredimur,
1488 4376 1732 4444 consideratio·

226 4521 286 4568 nes
320 4501 502 4570 nonnullae
536 4501 579 4569 de
612 4501 835 4595 integratione
867 4504 1001 4574 illarum
1036 4506 1285 4597 expressionum
1316 4503 1493 4594 generales
1533 4502 1731 4572 adiiciuntur

226 4646 364 4694 necesse
390 4634 450 4694 est
500 4627 617 4699 Posito

1313 4745 1386 4822 7*
