4254 5536
442 786 491 855 Ut
515 782 719 878 significatio
744 782 968 850 constantium
994 780 1079 872 Pet
1103 781 1135 848 Θ
1159 781 1357 866 inveniatur,
1382 780 1612 849 animadverto
1630 780 1775 849 formam
1793 804 1853 850 ex-
1953 776 1956 780 ’

342 910 553 1002 pressionum
583 907 859 1003 praecedentium
891 907 1040 999 ipsarum
1066 899 1115 1003 μ’,
1148 915 1183 975 et
1215 900 1268 1005 fi,
1302 929 1364 974 nec
1395 929 1463 974 non
1489 907 1743 999 expressionum
1771 903 1856 995 (60)

341 1036 491 1126 ipsamm
509 1059 549 1131 p,
574 1043 609 1103 et
634 1056 666 1131 q!
690 1033 851 1119 indicare,
876 1031 911 1099 Γ
932 1055 1005 1102 esse
1029 1031 1154 1111 dehere
1177 1031 1430 1100 inclinationem
1453 1033 1552 1124 plani
1575 1033 1714 1103 alicuius
1739 1054 1856 1101 versus
1950 1032 1954 1047 '

340 1159 483 1251 planum
507 1159 762 1228 fundamentale
788 1158 858 1227 sive
883 1158 1033 1250 ipsarum
1056 1179 1124 1247 cy,
1150 1164 1185 1226 et
1213 1156 1244 1223 Θ
1270 1179 1384 1224 arcum
1408 1157 1576 1247 quendam
1600 1158 1637 1228 iu
1660 1159 1768 1250 plano
1792 1159 1856 1226 illo

341 1283 455 1353 adhuc
486 1286 605 1377 ignoto
641 1286 817 1353 iacentem.
875 1282 1011 1351 Statuta
1044 1282 1135 1349 P:
1148 1302 1187 1367 o,
1229 1283 1359 1350 orbitae
1391 1285 1512 1352 ambae
1543 1281 1588 1350 ad
1620 1283 1763 1374 planum
1786 1284 1856 1351 hoc

212 1462 215 1467 .
340 1411 496 1501 ignotum
521 1410 736 1496 reducuntur,
761 1410 809 1477 ita
833 1416 872 1479 ut
896 1408 933 1477 in
956 1406 1026 1475 boe
1051 1428 1131 1476 casu
1153 1406 1296 1499 planum
1320 1407 1389 1476 boc
1413 1411 1457 1477 sit
1483 1412 1623 1501 planum
1651 1409 1854 1479 fundamen-

342 1533 419 1602 tale.
470 1533 549 1618 Quo
574 1537 685 1622 lacto,
708 1534 872 1605 habemus

1217 1671 1235 1712 0

1097 1737 1346 1752 ffl-

734 1730 1352 1851 P1=⁰3qb=W2

340 2135 412 2205 Sed
437 2133 623 2224 quodquod
647 2134 788 2226 planum
815 2134 932 2203 statuis
957 2134 1100 2226 planum
1123 2132 1395 2220 fundamentale,
1421 2155 1556 2227 semper
1579 2136 1688 2205 forma
1712 2118 1860 2230 genera-⁶

341 2260 382 2328 lis
406 2260 557 2353 ipsarum
576 2256 645 2358 pff
659 2281 710 2358 φ’,
731 2253 779 2358 ρ’,
805 2269 907 2350 atque
932 2251 972 2356 ς’,
998 2257 1060 2328 sub
1085 2255 1169 2347 (67)
1196 2257 1300 2326 allata
1325 2258 1439 2327 locum
1463 2258 1590 2329 habere
1615 2259 1729 2349 debet,
1753 2285 1857 2353 quare

343 2406 432 2455 nunc
456 2383 594 2473 quidem
620 2408 694 2455 esse
719 2385 845 2456 debent

542 2547 1575 2729 sin(0=ffl;sm(f)=ffl
1769 2593 1772 2601 '

477 2749 1051 2850 (1—m)—rt†o†lr:o;
1085 2751 1718 2854 (2'—ot')-'rt-l·o-k=180'

343 2908 401 2977 ubi
427 2907 472 2996 (i)
510 2917 612 2996 atque
637 2899 692 2996 (τ’)
726 2904 890 2976 denotant
921 2915 1113 2976 constantes
1143 2930 1165 2977 a
1196 2909 1231 2978 vi
1255 2908 1469 3000 perturbanti
1485 2912 1761 3005 'independentes
1786 2922 1855 2981 ter-

341 3035 450 3103 minos
480 3032 735 3104 inclinationum
767 3032 951 3101 orbitarum
981 3054 1018 3100 m
1043 3042 1146 3124 atque
1171 3029 1215 3101 m'
1240 3056 1354 3104 versus
1379 3036 1521 3129 planum
1547 3039 1640 3127 quod
1665 3062 1754 3107 nunc
1777 3041 1855 3107 fun—

343 3159 536 3228 damentale
560 3164 629 3243 est,
654 3166 689 3226 et
713 3156 772 3225 ubi
796 3159 832 3225 in
856 3157 999 3246 (χ-ω)
1024 3169 1127 3248 atque
1150 3161 1186 3228 in
1212 3153 1385 3249 (χ’-ω’),
1411 3163 1439 3229 si
1464 3135 1705 3253 posterioribus
1730 3186 1855 3252 aequa-

342 3285 488 3354 tionibus
515 3282 628 3369 utaris,
652 3284 790 3353 termini
812 3304 947 3373 quoque
973 3292 1169 3352 constantesv
1191 3286 1404 3355 solummodo
1429 3288 1614 3380 recipiendi
1640 3297 1726 3357 sunt
1764 3288 1855 3356 Sub-

343 3410 466 3477 stitutis
491 3409 661 3476 valoribus
685 3411 836 3502 ipsarum
861 3431 900 3493 α,
925 3431 966 3501 η,
983 3419 986 3432 “
1005 3421 1029 3476 'c
1047 3419 1149 3499 atque
1175 3405 1223 3497 c',
1259 3413 1296 3480 iu
1324 3422 1385 3481 art.
1411 3434 1523 3504 praec.
1552 3410 1638 3480 datis
1671 3413 1708 3480 in
1731 3413 1855 3506 priori·

342 3532 403 3602 bus
429 3533 683 3620 aequationibns
707 3533 1016 3629 praecedentibus,
1040 3535 1142 3606 facile
1167 3536 1335 3606 invenitm

1039 3672 1122 3742 m'ao'
1140 3681 1187 3742 sin
1207 3681 1272 3757 (I)

340 4162 430 4230 unde
454 4160 669 4231 manifestum
694 4171 763 4247 est,
789 4157 835 4250 (a)
861 4181 934 4231 esse
958 4161 1213 4230 inclinationem
1237 4163 1368 4230 orbitae
1392 4183 1439 4249 τη,
1456 4106 1500 4232 ¹et
1525 4159 1580 4255 (ἴ)
1606 4167 1854 4237 inclinationem

341 4287 468 4358 orbitae
492 4280 538 4355 m'
561 4309 677 4357 versus
701 4285 883 4379 planum
909 4287 1178 4357 invariabile
1203 4287 1246 4355 ab
1270 4287 1321 4358 ill.
1348 4288 1501 4381 Laplace
1527 4289 1706 4362 detectum.
1766 4293 1855 4361 Nam

341 4411 507 4483 formulae
535 4413 781 4500 „Mecbanicae
807 4405 981 4482 coelestis”
1006 4412 1226 4507 suppeditant
1250 4425 1407 4507 respectu
1432 4413 1531 4485 huius
1569 4417 1682 4509 plani,
1722 4418 1854 4507 quoties

204 4571 206 4575 ⁷
342 4544 453 4607 motus
491 4535 632 4609 duomm
670 4561 852 4635 corpomm
889 4546 1047 4633 respectu
1087 4539 1182 4611 tertii¹
1217 4541 1375 4637 corporis·
1403 4541 1674 4626 considerantur,
1725 4544 1852 4614 torma·

276 4664 278 4669 ’
343 4662 479 4734 lashas
