4254 5536
1210 352 1259 409 lv

477 551 631 612 netarum
664 566 740 612 mea
771 564 883 611 casum
908 541 1093 633 specialem
1116 538 1270 609 theoriae
1293 539 1413 610 Lunae
1435 540 1504 610 hoc
1528 543 1699 614 volumine
1725 547 1899 638 expositae
1923 551 2010 616 sese*

1801 642 1806 666 ,
1902 651 1904 654 .

478 702 639 788 praestat.

578 845 769 931 Antequam
795 840 950 909 methodi
972 816 1076 910 huius*
1098 841 1342 934 expositionem
1367 843 1567 936 aggredior,
1594 855 1721 915 certam
1738 846 1839 916 huius
1859 846 1999 940 proble-

481 995 578 1063 matis
604 995 834 1063 conditionem
858 995 1072 1086 praemisisse
1095 992 1189 1063 haud
1214 996 1257 1062 ab
1282 1018 1320 1062 re
1346 1002 1407 1063 est.
1458 995 1638 1088 integratis
1662 999 1828 1086 formulis,
1854 1022 1936 1089 quas
1956 1000 2001 1068 ad
2116 1014 2122 1023 ‘

477 1156 606 1215 motum
632 1146 785 1237 corporis
812 1146 973 1215 coelestis>
993 1147 1220 1235 cuiuscunque
1245 1146 1538 1215 determinandum
1563 1148 1660 1235 dedi,
1695 1152 1874 1236 eomodo,
1901 1174 2002 1240 quem

475 1299 513 1366 in
544 1298 677 1366 theoria
709 1297 798 1365 lovis
835 1307 938 1388 atque
970 1298 1107 1367 Saturni
1140 1298 1326 1389 explicavi,
1359 1299 1494 1366 termini
1527 1299 1696 1387 oriuntur,
1729 1301 1788 1389 qui
1818 1323 1882 1391 per
1913 1303 2003 1370 sinus

478 1457 537 1516 aut
568 1451 700 1517 cosinus
731 1449 972 1541 multiplicium
1004 1449 1246 1517 anomallarom
1279 1449 1466 1519 mediarum
1498 1451 1735 1542 multiplicati,
1767 1453 1916 1544 tempori
1948 1461 2006 1522 aut

479 1601 643 1691 temporis
660 1602 885 1692 potestatibus
901 1602 1176 1695 proportionales
1199 1609 1285 1669 sunt.
1337 1601 1405 1686 Qui
1418 1603 1553 1670 termini
1569 1627 1611 1672 ex
1629 1605 1820 1696 integrandi
1839 1604 2005 1674 methodo

479 1753 647 1838 oriuntur,
689 1763 724 1822 et
754 1776 872 1822 revera
904 1755 1069 1847 originem
1100 1750 1241 1821 trahunt
1272 1776 1292 1820 e
1316 1754 1625 1843 perturbationibus
1650 1777 1738 1846 pure
1763 1756 1946 1847 periodicis
1972 1764 2006 1823 et

480 1903 683 1995 plerumque
707 1906 923 1998 longissimae
945 1906 1097 1998 periodi,
1124 1906 1159 1973 in
1183 1869 1324 1994 quarum
1342 1908 1548 1998 argumentis
1569 1916 1704 1997 tempus
1720 1907 1833 1997 ipsum
1846 1931 1910 1999 per
1925 1908 2004 1976 iun-

480 2055 608 2124 ctiones
633 2058 683 2124 vis
705 2042 932 2149 perturbantis
954 2057 1219 2150 multiplicatum
1244 2057 1366 2125 existit.
1418 2057 1573 2125 Termini
1589 2057 1692 2149 igitur
1706 2059 1777 2143 illi,
1802 2061 1860 2147 qui
1875 2061 1910 2127 in
1925 2058 2003 2150 pla·

481 2217 634 2277 netarum
656 2208 789 2277 theoria
813 2219 847 2279 et
871 2233 935 2302 per
958 2217 1094 2301 tempus
1118 2207 1347 2299 temporisque
1361 2217 1569 2300 potestates,
1596 2217 1631 2278 et
1644 2232 1708 2301 per
1723 2210 1815 2280 sinus
1828 2211 2006 2280 cosinusve

480 2359 722 2451 multiplicium
744 2363 985 2431 anomalisrum
1007 2361 1194 2429 mediamm
1217 2359 1436 2450 multiplicati
1459 2369 1555 2443 sunt,
1591 2382 1662 2426 non
1683 2361 1748 2428 nisi
1769 2384 1835 2452 pro
1855 2361 2006 2429 terminis

480 2514 600 2606 primis
624 2513 825 2582 evolationis
850 2513 887 2580 in
909 2513 1029 2580 seriem
1052 2511 1219 2578 infinitam
1242 2512 1378 2577 illarum
1399 2511 1612 2576 functionum
1631 2508 1681 2576 vis
1698 2511 1927 2600 perturbantis
1942 2512 2007 2580 ha·

482 2665 587 2733 bendi
619 2671 713 2750 sunt,
754 2673 789 2732 et
817 2685 951 2753 semper
979 2661 1111 2750 quoties
1144 2660 1245 2728 series
1276 2659 1344 2728 hae
1374 2660 1559 2728 admodum
1581 2670 1792 2753 convergunt
1815 2664 1876 2732 sub
1896 2664 2007 2733 forma

482 2814 549 2884 hac
569 2816 738 2884 tutissime
757 2815 793 2882 in
815 2836 913 2882 usum
937 2813 1049 2880 vocari
1071 2818 1225 2903 possunt.
1276 2810 1418 2895 Quoties
1440 2834 1521 2880 vero
1544 2813 1645 2880 series
1667 2813 1753 2881 istae
1773 2835 1842 2884 nou
1865 2837 2005 2885 conver·

482 2975 569 3060 gunt
590 2967 646 3035 rel
669 2968 770 3036 etiam
788 2964 980 3057 paullulum
1002 2973 1231 3057 convergunt,
1256 2962 1360 3032 iidem
1387 2964 1520 3032 termini
1544 2964 1716 3050 efficiunt,
1742 2976 1781 3034 ut
1801 2968 1897 3037 brevi
1917 2976 2006 3038 tem-

481 3119 576 3210 poris
617 3118 729 3210 spatio
766 3116 1001 3209 praeterlapso
1033 3116 1129 3184 locus
1159 3118 1311 3209 corporis
1336 3117 1493 3185 coelestis
1524 3125 1739 3207 computatus
1769 3141 1790 3185 a
1823 3141 1905 3188 vero
1936 3120 2007 3187 eius

482 3269 560 3339 loco
587 3270 741 3340 aberrare
765 3269 923 3361 incipiat,
950 3275 985 3335 et
1006 3268 1115 3360 magis
1138 3269 1315 3361 magisque
1337 3269 1381 3336 ab
1407 3291 1449 3337 eo
1475 3268 1726 3361 discrepaturus
1751 3269 1804 3337 sit.

581 3421 622 3488 In
649 3422 865 3513 planetarum
895 3420 1084 3511 systematis
1108 3421 1216 3488 nostri
1239 3421 1356 3490 solaris
1380 3430 1476 3490 motu
1496 3419 1641 3505 termini,
1678 3418 1722 3485 de
1748 3419 1869 3507 quibus
1891 3420 2005 3510 loqui-

482 3592 567 3656 mur,
595 3574 695 3642 series
718 3573 863 3642 maxime
880 3580 1121 3664 convergentes
1138 3574 1363 3659 constituunt,
1388 3547 1503 3660 itaque
1526 3571 1645 3662 primis
1667 3578 1798 3638 tantum
1812 3569 1934 3639 harum
1950 3595 2005 3641 se-

481 3725 605 3793 riorum
637 3725 787 3793 terminis
819 3724 855 3792 in
887 3725 1054 3792 calculum
1085 3725 1230 3810 vocatis,
1261 3724 1357 3791 locus
1379 3724 1541 3814 planetae
1566 3722 1694 3811 absque
1722 3742 1834 3790 errore
1856 3724 2005 3793 sensibili

481 3899 547 3967 per
578 3877 719 3969 longam
749 3896 913 3944 annorum
941 3875 1061 3943 seriem
1084 3875 1214 3966 optime
1237 3875 1485 3968 repraesentari
1512 3882 1647 3966 potest,
1680 3875 1761 3953 imo,
1774 3872 1843 3944 hoc
1865 3875 1902 3944 in
1927 3901 2003 3946 casu

482 4026 671 4098 functiones
697 4026 909 4121 periodicae,
934 4050 953 4094 e
976 4025 1097 4115 quibus
1119 4027 1252 4095 termini
1275 4027 1327 4094 illi
1351 4027 1523 4111 oriuntur,
1557 4033 1700 4118 propter
1722 4028 2003 4111 incertitudinem,

483 4199 570 4267 quae
592 4183 708 4252 massis
730 4179 945 4275 planetarum
968 4201 1101 4269 semper
1121 4178 1330 4263 inhaerebit,
1355 4201 1481 4272 magna
1504 4200 1581 4245 oum
1609 4178 1820 4269 praecisione
1842 4176 2003 4243 determi-

482 4331 556 4398 nari
580 4342 757 4420 nequeunt.
782 4309 897 4402 ‘Nam
916 4327 1156 4421 longitudinis,
1182 4330 1368 4400 latitudinis
1392 4339 1428 4401 et
1456 4329 1543 4398 radii
1564 4331 1709 4399 vectoris
1731 4325 2001 4419 perturbationes

482 4481 686 4576 generaliter
709 4482 852 4553 formam
875 4483 1020 4553 induunt
1040 4481 1130 4550 hanc

483 4619 1999 4788 ascariensem-roeoaasociassem-racemoeea·
