4254 5536
891 329 953 418 lil-

887 617 949 689 ιι.
1068 598 1071 603 ’

258 796 464 869 Functiones
496 793 550 882 Λζ
580 803 614 865 et
648 786 697 880 Ξζ
726 793 841 864 moltis
873 795 983 864 modis
1017 795 1160 865 diversis
1189 795 1403 867 detmminaai
1433 806 1596 889 possunt,
1635 811 1670 870 et
1788 878 1794 895 '

158 923 298 1014 quidem
321 947 342 992 a
367 922 570 993 seinvicem
592 920 863 1013 independentes
889 931 976 1009 sunt,
1002 923 1212 991 fonctionem
1235 944 1317 991 vero
1343 924 1551 994 arbitrariam
1555 923 1608 1017 ji?
1627 927 1672 993 ad

159 1049 292 1120 libitum
316 1048 540 1118 determinare
564 1047 661 1116 nobis
686 1069 755 1115 non
779 1047 875 1128 licet;
899 1048 986 1115 haec
1012 1048 1101 1116 enim
1127 1070 1169 1116 ex
1192 1047 1260 1115 illis
1285 1047 1425 1139 pendet.

164 1224 167 1237 ·
256 1174 375 1246 Facile
399 1174 588 1244 ostenditur
610 1173 756 1242 formam
781 1172 1084 1263 simplicissimam,
1109 1196 1212 1263 qnam
1235 1173 1467 1243 functionibus
1488 1174 1542 1261 Λζ
1565 1185 1600 1244 et
1626 1169 1676 1262 Ξζ

157 1301 340 1375 attribuere
371 1300 468 1369 nobis
498 1299 598 1384 licet,
640 1297 930 1390 computationem
962 1299 1256 1391 perturbationum
1294 1299 1576 1394 simplicissimam
1610 1299 1673 1369 sibi

158 1447 228 1496 non
252 1425 443 1504 conciliare.
493 1421 622 1493 Positis

157 1846 245 1918 nihil
268 1847 455 1942 simplicius
480 1827 606 1918 assumi
630 1854 755 1940 potest
804 1848 897 1916 Hinc
921 1847 1067 1916 babetur

704 1997 726 2066 2
765 2024 812 2062 =
838 1997 858 2083 ζ
884 1998 927 2085 -Ι-
956 1996 1058 2088 (nidi

313 2219 316 2232 ,
403 2237 405 2240 t
519 2215 523 2222 ,
630 2219 632 2222 t
706 2119 858 2215 ιιι-ι

157 2270 250 2353 unde
279 2270 497 2341 manifestum
530 2279 582 2340 est
613 2276 854 2352 assumtionem
885 2274 976 2343 hanc
1009 2253 1163 2361 efficere,
1195 2278 1235 2341 nt
1257 2271 1529 2366 perturbationes
1552 2261 1672 2341 immess

157 2393 251 2464 diate
274 2395 319 2463 ad
334 2373 594 2488 longitudinem
618 2420 733 2465 veram
758 2409 793 2466 et
818 2400 863 2466 ad
897 2399 1141 2492 logaritbmum
1165 2397 1252 2466 radii
1275 2399 1418 2468 vectoris
1444 2397 1677 2492 applicandae

157 2519 234 2589 sint.
282 2521 512 2611 Aequatioues
537 2545 619 2592 sero
643 2522 887 2616 praecedentes
915 2521 1137 2617 suppeditant

180 3113 298 3187 ln
328 3113 625 3207 approximatione
653 3113 761 3207 igitur
789 3119 901 3210 prima
925 3118 969 3187 ad
994 3115 1127 3211 valores
1151 3114 1443 3208 perturbationum
1467 3123 1673 3210 computato*¹

157 3275 219 3395 dos
242 3270 448 3344 instituenda
473 3233 614 3377 locog-
598 3233 735 3379 {valor
748 3297 837 3368 pure
854 3275 1060 3369 ellipticns
1050 3233 1218 3370 1psius-
1183 3236 1218 3383 ὲ
1226 3326 1236 3365 ,
1262 3285 1298 3346 et
1320 3275 1457 3379 loco-
1421 3231 1457 3302 ‘m
1441 3277 1570 3380 valor
1584 3297 1671 3415 pure¹

157 3405 379 3554 ellipticns
368 3416 557 3565 ipsius}
536 3436 619 3528 ⁹in
642 3460 797 3529 formulis

155 4095 226 4168 sive
249 4095 330 4165 loco
351 4094 582 4188 posterioris
571 4125 608 4172 m
632 4101 832 4193 aequatione
848 4100 931 4191 (12)
957 4099 1211 4171 substituendos
1228 4102 1302 4190 erit,
1331 4102 1401 4171 et
1389 4123 1426 4170 m
1449 4103 1668 4196 approxima

1288 4222 1323 4273 at
1407 4220 1451 4289 αις

155 4256 303 4326 tionibus
336 4255 667 4344 subsequentibus”
644 4286 669 4329 ιι
693 4262 826 4330 valores
851 4262 1074 4329 accuratiores
1105 4262 1323 4368 ipsarum&
1348 4270 1457 4331 et—
1415 4312 1475 4367 d,
1466 4285 1586 4353 ‚quos
1604 4287 1669 4360 ap-

155 4407 358 4498 proximatio
382 4406 588 4498 praecedens
614 4412 898 4504 suppeditaverit,
932 4411 1089 4481 substitui
1115 4411 1296 4481 debebunt
1353 4410 1553 4484 Constantes
1578 4416 1669 4485 arbi·

156 4534 278 4602 lamiae
306 4532 527 4627 integralibus
558 4535 839 4626 praecedentibus
865 4538 1044 4608 addendae
1068 4545 1168 4609 erunt
1188 4538 1320 4614 valores
1345 4538 1387 4628 ii,
1419 4563 1506 4632 quos
1528 4541 1668 4631 letto

157 4659 346 4754 accipiunt,
378 4659 511 4752 quoties
536 4659 622 4730 vires
646 4661 883 4755 pertmbantes
910 4673 1129 4755 evanescunt,
1154 4673 1219 4734 etc.
1244 4672 1310 4736 eto.
