4254 5536
907 646 967 722 24.

180 902 184 911 Ι
278 808 647 880 Translormationibns
673 803 890 874 articulorum
913 801 1190 895 praecedentium
1215 804 1450 897 aequationes,
1475 827 1616 899 quarum
1636 809 1694 881 in-

175 925 371 1031 tegratione
405 935 537 1004 valores
568 910 757 1026 perturbati
788 931 939 1023 ipsarum
972 926 1007 1015 ζ,
1039 929 1078 1018 β,
1101 925 1199 1023 S,p
1224 936 1258 997 et
1282 950 1306 1020 q
1328 931 1516 1024 prodeunt,
1552 908 1694 1004 infun·

176 1062 291 1131 ctione
315 1064 468 1155 ipsarum
493 1056 535 1144 I,
559 1079 589 1148 φ
615 1063 649 1125 et
672 1054 702 1141 al
726 1057 804 1126 loco
824 1079 874 1150 p,
899 1077 941 1147 q,
963 1047 1000 1147 p'
1026 1062 1061 1123 et
1084 1048 1117 1148 ς’
1143 1055 1364 1126 exldbuimus.
1426 1056 1558 1143 Quibus
1581 1067 1694 1132 trans-

176 1186 432 1258 formationibus
458 1182 692 1253 conclusiones
717 1183 754 1251 iu
777 1181 878 1252 huius
912 1178 1079 1249 Sectionis
1109 1180 1225 1273 priore
1254 1189 1355 1275 parte
1379 1180 1575 1277 divulgatae
1598 1162 1694 1255 nullb

176 1311 282 1382 modo
305 1311 562 1406 perturbantur,
607 1330 696 1399 quae
721 1309 764 1377 ab
787 1307 905 1377 indole
918 1305 1079 1399 >ipsarum
1099 1327 1147 1400 p,
1172 1328 1213 1398 p,
1232 1299 1272 1401 p'
1313 1318 1417 1399 atque
1447 1300 1479 1401 ς’
1511 1310 1615 1402 plane
1638 1311 1691 1380 in-
1743 1385 1753 1402 ἱ

175 1437 407 1533 dependentes
432 1443 518 1506 sunt.
576 1432 748 1526 Magnum
771 1456 852 1503 vero
878 1431 1000 1502 calculi
1026 1431 1268 1524 compendium
1291 1456 1356 1525 per
1380 1436 1692 1507 transformationes

174 1565 238 1636 hus
262 1563 491 1649 adducemus,
516 1560 597 1652 quia
620 1558 732 1664 forma
755 1559 862 1653 ipsius
888 1561 938 1645 Δ,
962 1556 1072 1648 qualis
1097 1580 1188 1626 nunc
1212 1557 1361 1628 exhibita
1387 1569 1450 1647 est,
1475 1562 1585 1631 multo
1611 1563 1692 1631 sim-

92 1671 95 1677 *
144 1690 298 1784 *plicior
327 1695 381 1760 ¹est
413 1708 516 1782 quam
548 1684 722 1777 expressio
755 1682 907 1752 eiusdem
939 1683 1135 1773 quantitatis
1158 1683 1196 1752 in
1219 1682 1396 1753 functione
1417 1687 1567 1781 ipsarum
1585 1711 1633 1782 p,
1658 1708 1692 1781 q,

168 1808 208 1908 ρ’
232 1824 334 1905 atque
361 1809 401 1907 ς’.
453 1810 667 1898 Quantitates
692 1808 797 1901 igitur
821 1805 864 1893 I,
887 1830 917 1898 φ
941 1815 1044 1899 atque
1066 1810 1096 1893 ct
1119 1831 1184 1902 pro
1210 1811 1451 1900 quantitatibus
1477 1812 1693 1884 auxiliaribus

173 1937 353 2010 habendae
382 1938 480 2026 sunt,
511 1936 633 2029 quibus
670 1933 880 2025 computatio
905 1918 1060 2004 accurata
1082 1936 1293 2007 variabiliurn
1317 1946 1507 2008 nostrarum
1532 1939 1568 2026 ζ,
1590 1939 1631 2029 β,
1651 1935 1693 2023 S,

166 2087 197 2158 p
223 2075 324 2156 atque
349 2087 373 2159 q
397 2062 670 2134 commodissime
695 2058 901 2143 absolvitur,
927 2068 985 2127 aut
1010 2059 1039 2127 si
1063 2060 1186 2146 mavis,
1220 2063 1340 2150 quibus
1367 2065 1516 2133 evolutio
1540 2066 1690 2158 integra·

172 2188 288 2278 tioque
319 2190 557 2278 aequationum
590 2178 867 2255 differentialium
899 2182 1033 2254 valores
1068 2186 1278 2257 variabiliurn
1303 2189 1440 2259 illarum
1465 2191 1724 2284 suppeditan·-
1811 2198 1823 2214 ‘

172 2311 259 2381 tium
281 2312 429 2380 faciliori
454 2335 559 2405 opera
582 2312 769 2404 perficitur.

274 2434 467 2506 Substituto
492 2458 534 2506 eo
558 2436 665 2528 ipsius
691 2436 725 2501 A
749 2433 882 2518 valore,
923 2433 1042 2524 quiin
1067 2443 1127 2502 art
1152 2436 1213 2509 Ὦ.
1239 2440 1475 2526 evolvebatur,
1517 2442 1555 2509 in
1580 2441 1690 2510 omni·

175 2562 237 2630 bus
262 2562 517 2654 aequationibus
543 2559 824 2631 differentialibus
849 2559 988 2644 nostris,
1028 2560 1158 2630 factum
1190 2566 1270 2650 erit,
1306 2574 1345 2666 ut
1368 2566 1585 2657 aequationes
1609 2565 1692 2637 illae

173 2686 399 2782 integratione
434 2687 470 2775 ζ,
502 2688 524 2776 β
556 2695 590 2756 et
619 2683 653 2755 S
684 2685 959 2778 suppeditantes,
998 2691 1033 2753 et
1057 2690 1273 2778 aequationes
1299 2690 1432 2758 articuli
1455 2691 1691 2783 praecedentis

173 2811 401 2906 integratione
426 2812 460 2900 I,
485 2835 514 2904 φ
539 2821 574 2882 et
598 2813 626 2895 ab
652 2809 911 2903 suppeditantes
937 2807 1127 2882 functiones
1153 2813 1332 2907 explicitae
1355 2816 1567 2886 variabilinm
1590 2816 1692 2886 inde-

171 2937 396 3031 pendentinm
420 2938 456 3024 ζ,
480 2939 519 3027 β,
544 2936 589 3025 S,
614 2935 655 3024 I,
680 2960 710 3028 φ
734 2944 769 3004 et
792 2935 820 3017 tt
845 2935 923 3001 sint.
979 2933 1161 3006 Praeterea
1195 2940 1415 3030 aequationes
1439 2941 1521 3011 illae
1544 2941 1691 3011 variabi-

174 3060 224 3133 les
257 3071 355 3132 notas
387 3055 429 3163 v',
454 3070 556 3152 atque
587 3055 635 3147 ν’,
667 3069 702 3128 et
725 3060 942 3148 aequationes
967 3056 1034 3125 hae
1058 3061 1235 3135 variabiles
1260 3072 1358 3152 notas
1383 3059 1443 3165 v‘„
1467 3060 1515 3155 ν’,
1537 3060 1575 3161 p'
1600 3058 1692 3159 etp

173 3186 358 3259 continent.
407 3186 463 3257 De
488 3185 714 3279 integratione
739 3182 977 3274 aequationum
1001 3180 1029 3270 ζ,
1055 3185 1077 3273 β
1103 3195 1137 3254 et
1161 3184 1194 3256 S
1216 3193 1508 3284 suppeditantium
1529 3193 1566 3261 ln
1588 3215 1691 3286 prae·

176 3313 372 3383 cedentibus
399 3312 631 3399 disseruimus,
665 3311 735 3378 hoc
757 3330 838 3377 vero
864 3307 942 3377 loco
967 3307 1003 3377 in
1026 3310 1288 3407 integrationem
1319 3316 1558 3406 aequationum
1589 3314 1630 3402 I,
1662 3339 1692 3409 φ

176 3448 211 3510 et
231 3439 262 3522 'ab
287 3438 579 3531 suppeditandum
602 3437 700 3506 nobis
724 3434 960 3526 inquirendum
985 3443 1047 3504 est.

273 3562 379 3634 Valor
403 3564 509 3658 ipsius
535 3564 568 3630 A
592 3563 654 3632 sub
680 3584 820 3630 numero
847 3557 930 3650 (40)
957 3560 1079 3631 aflatus
1103 3565 1154 3632 ita
1175 3587 1312 3658 quoque
1337 3565 1488 3636 exhiberi
1512 3574 1630 3659 potest

175 3706 224 3782 Δί’
232 3706 737 3808 ;ν’-1-τ”-2ννόοεᾞοοε
746 3703 1123 3816 (υ,-υ’,-(φ-ψ))-2νν’
1136 3707 1204 3825 sin²
1219 3715 1338 3813 {1002
1347 3708 1691 3816 (v,†v',-(p-{-tt))
1796 3724 1797 3736 ¹

175 3881 286 3967 uude,
310 3882 496 3954 substitutis
521 3882 693 3955 valoribus
717 3883 868 3974 ipsarum
892 3901 942 3979 v„
966 3900 1005 3967 r,
1030 3872 1071 3980 v',
1096 3889 1131 3952 et
1154 3878 1184 3951 ὅ
1209 3883 1463 3978 aequationibus
1489 3883 1577 3952 datis
1603 3881 1657 3953 bis

674 4010 1107 4190 c=l÷mo÷a

673 4194 1121 4304 s=s÷onac

727 4375 778 4388 -·-
803 4347 827 4359 ⁸⁵
864 4359 886 4396 ld

676 4370 864 4420 r--t'c

180 4657 290 4775 aar?
308 4688 343 4752 et
366 4678 387 4747 i
412 4675 615 4747 anomaliam
637 4694 752 4744 veram
776 4683 813 4744 et
827 4675 969 4745 radium
991 4681 1164 4746 vectorem
1193 4676 1277 4771 ipsis
1302 4678 1334 4766 ᾧ
1357 4664 1438 4772 ete
1462 4691 1522 4751 art.
1551 4679 1608 4754 13·
1633 4701 1689 4748 re-

1114 4816 1118 4824 .
1251 4801 1317 4881 ¹12
1650 4812 1655 4823 .
