4254 5536
944 358 1024 443 123

236 617 240 621 ·
322 582 360 650 Si
401 604 481 650 vero
520 582 774 649 inclinationem
807 582 959 642 mutuam
992 575 1177 642 orbitarum
1208 595 1247 641 m
1278 583 1314 642 et
1349 577 1395 640 m‘
1429 575 1534 644 cifrae
1566 575 1742 666 aequalem

221 708 384 791 facimus,
410 706 599 776 necessario
623 702 672 773 Ft
697 710 798 790 atque
823 692 867 766 F
869 706 882 766 t
908 709 1131 789 evanescunt,
1156 701 1248 770 unde
1272 702 1309 770 in
1331 698 1401 768 boc
1425 722 1505 769 casu
1529 713 1707 806 emergunt

723 843 1131 949 z=fl†R†K

724 968 1143 1074 t=ff÷R÷W

225 1155 329 1223 quum
354 1154 435 1201 vero
461 1129 499 1197 R
526 1132 568 1196 sit
592 1127 723 1195 functio
747 1127 897 1216 ipsarum
924 1126 959 1191 Γ
986 1135 1087 1215 atque
1119 1125 1167 1225 VI,
1193 1135 1227 1194 ct
1251 1118 1297 1193 R'
1321 1125 1452 1193 functio
1478 1125 1623 1217 analoga
1648 1129 1742 1217 ipsa·

223 1282 298 1327 rum
324 1259 359 1326 Γ
379 1268 481 1347 atquc
509 1249 573 1354 VJ,
599 1253 745 1322 habetor
771 1273 812 1318 eo
837 1252 1001 1343 temporis
1027 1260 1212 1337 momento,
1238 1271 1308 1340 quo
1336 1247 1374 1348 K
1390 1274 1437 1313 =
1459 1243 1504 1345 VJ
1531 1260 1600 1335 est,
1642 1252 1743 1319 eliam

224 1381 263 1450 R
276 1407 323 1447 =
338 1377 401 1466 R',
439 1390 474 1448 et
506 1403 609 1471 quum
643 1381 679 1446 in
712 1400 792 1445 casu
823 1398 925 1465 quem
958 1399 1047 1444 nunc
1081 1386 1264 1446 tractamus
1290 1374 1359 1443 hoc
1383 1377 1548 1468 temporis
1573 1385 1744 1445 momento

225 1507 412 1576 necessario
438 1529 512 1575 esse
538 1505 661 1574 debeat
686 1502 762 1570 l:
777 1494 799 1568 l'
808 1549 819 1588 ‚
845 1503 978 1570 elicitur
1004 1525 1045 1570 cx
1070 1501 1327 1593 aequationibus
1352 1502 1632 1593 praecedentibus

878 1646 925 1720 H'
950 1680 997 1716 =
1025 1654 1064 1720 Π

324 1804 439 1889 Quum
473 1803 511 1903 V,
543 1814 645 1892 atque
683 1796 730 1901 1)]
763 1803 926 1872 denotent
960 1813 1159 1896 argumenta
1186 1801 1391 1884 latitudinis,
1429 1823 1516 1890 quae
1542 1800 1656 1870 locum
1681 1802 1745 1869 ba-

225 1932 363 2015 berent,
398 1930 425 1997 si
461 1952 605 2022 corpora
638 1951 674 1996 m
708 1938 743 1997 et
766 1923 811 1996 m'
837 1930 873 1998 in
898 1931 1033 2022 plano
1059 1926 1314 1998 invariabili
1340 1950 1377 1997 se
1403 1938 1594 2014 moverent,
1633 1926 1674 1995 Π
1696 1936 1747 1996 cst

225 2054 404 2147 longitudo
429 2055 512 2123 nodi
537 2054 748 2124 ascendentis
773 2055 899 2146 plani
926 2054 1208 2136 invariabilis
1239 2075 1317 2121 oum
1341 2055 1448 2146 plano
1473 2055 1700 2144 proiectionis.

949 2329 1009 2400 34.

325 2478 364 2546 Si
384 2473 551 2548 'formulas
576 2482 734 2567 intueris,
771 2483 892 2573 quibus
918 2481 1168 2575 longitudinem
1192 2481 1386 2563 reductam,
1419 2475 1649 2559 latitudinem,
1691 2476 1744 2544 lo

224 2601 432 2695 garithmum
473 2606 559 2674 radii
600 2610 744 2677 vectoris
779 2630 962 2698 eorumque
993 2608 1266 2700 perturbationes
1297 2605 1334 2674 in
1369 2601 1437 2672 hac
1462 2603 1744 2671 commentatione

226 2726 541 2815 determinavimus,
580 2732 682 2800 facilc
704 2732 835 2802 videbis
862 2744 1054 2802 constantes
1078 2750 1105 2802 st
1131 2739 1165 2802 et
1189 2726 1223 2801 π’
1231 2781 1241 2818 ,
1281 2754 1365 2821 quas
1390 2729 1427 2799 in
1452 2737 1513 2796 art.
1540 2729 1598 2800 13.
1622 2728 1658 2795 ἰη
1681 2751 1744 2796 va-

224 2852 352 2921 lorlbus
381 2856 536 2945 ipsarum
569 2879 600 2953 o,
635 2868 736 2946 atque
761 2852 801 2956 os
826 2860 1088 2944 introduximus,
1135 2881 1176 2928 ex
1200 2857 1355 2927 formulis
1381 2855 1535 2923 omnibus
1563 2854 1745 2941 evanuisse,

225 3000 336 3066 neque
361 2979 523 3046 formulas
549 2981 612 3047 has
639 2992 830 3051 constantes
858 2983 918 3073 (φ)
946 2994 1047 3072 atque
1075 2982 1133 3072 (ab)
1161 2985 1342 3051 continere.
1394 2977 1596 3048 Constantes
1613 2980 1746 3048 veroin

224 3101 279 3170 his
310 3103 464 3171 formulis
483 3081 696 3192 existentes,
730 3131 816 3196 quae
848 3108 985 3196 quidem
1017 3131 1087 3176 non
1117 3108 1181 3175 nisi
1214 3107 1504 3178 observationibus
1530 3105 1746 3174 determinari

226 3240 390 3322 possunt,
417 3242 495 3299 sunt
521 3231 596 3322 oo,
622 3226 707 3322 oo,
734 3233 810 3323 (α),
837 3227 924 3322 (α’),
951 3232 1024 3322 (ε),
1051 3227 1132 3322 (o,
1158 3232 1227 3323 ot
1253 3230 1332 3324 ot
1359 3231 1424 3321 (o,
1451 3225 1524 3321 ot
1548 3252 1580 3318 ν,
1604 3227 1637 3317 s,
1663 3228 1746 3319 (ι),

228 3354 278 3441 r,
309 3355 340 3423 a
367 3365 401 3425 et
428 3356 483 3444 n,
509 3381 650 3448 naum
783 3358 860 3448 (α),
887 3353 966 3448 (α’),
994 3359 1052 3448 (ιι)
1079 3368 1182 3449 atne
1207 3355 1274 3448 σι’)
1300 3384 1320 3430 e
1344 3359 1483 3449 roonis
1509 3359 1556 3426 ita
1581 3355 1748 3451 pendent

211 4421 375 4514 ¹Restant
404 4445 525 4536 igitur,
566 4445 595 4510 si
628 4465 753 4510 massas
787 4468 856 4514 non
890 4446 1109 4529 adnumeres,
1151 4446 1442 4514 observationibus
1477 4443 1751 4515 determinandae

231 4569 412 4639 duodecim
436 4576 629 4638 constantes
653 4567 935 4659 independentes,
977 4571 1013 4639 id
1039 4571 1134 4661 quod
1167 4592 1263 4639 secus
1297 4594 1335 4639 se
1365 4570 1492 4642 habere
1528 4594 1597 4641 non
1629 4575 1751 4662 potest.

232 4692 444 4785 Significatio
469 4693 588 4764 harum
622 4694 864 4780 constantium,
900 4719 1001 4783 quam
1026 4705 1164 4789 repeto,
1190 4703 1242 4766 est
1266 4693 1370 4766 baec:
1496 4787 1498 4792 Δ

1288 4821 1372 4897 16*
