4254 5536
982 348 1071 407 VIII

362 545 416 620 Ut
437 566 545 640 opera
564 550 598 613 et
623 541 738 625 labor,
773 559 874 629 quem
896 536 964 609 hae
986 537 1142 609 methodi
1164 543 1352 633 requirant,
1388 552 1480 614 recte
1498 545 1641 616 indicari
1661 555 1781 642 possit,

263 700 352 773 nihil
378 707 430 770 est
450 697 542 788 quod
566 695 702 778 malim,
726 713 828 781 qnam
850 697 889 758 nt
911 689 948 759 hi
972 701 1166 785 geometrae
1180 695 1348 788 integram
1361 696 1652 788 perturbationum
1665 702 1784 774 Lunae

265 851 552 949 computationem
572 843 756 914 secundnm
774 841 956 912 methodos
971 846 1168 938 propositas
1184 847 1306 915 confici
1324 848 1450 916 curent
1500 851 1651 944 Egomet
1665 877 1786 924 secun-

265 1008 346 1079 ·dnm
361 1000 560 1074 methodum
573 997 609 1064 in
627 994 694 1063 hac
706 996 990 1076 commentatione
1006 997 1210 1090 explicatam
1223 998 1322 1068 huius
1337 1002 1598 1092 computationis
1611 1006 1786 1078 'maiorem

262 1166 397 1256 partem
420 1155 487 1222 iam
512 1148 663 1236 confeci,
705 1155 740 1216 ct
758 1149 941 1240 reliquam,
974 1149 1075 1218 simul
1104 1157 1207 1240 atque
1237 1153 1487 1245 occupationes
1501 1156 1667 1243 quaedam
1696 1159 1784 1228 aliae

262 1309 440 1381 absolutae
457 1302 602 1387 fuerim,
628 1299 797 1369 conficere
816 1301 852 1369 in
867 1301 979 1370 animo
998 1309 1060 1371 est.

360 1455 532 1527 Formulis
554 1453 658 1523 modo
679 1453 871 1521 memoratis
895 1453 1076 1542 adhibitis,
1100 1455 1369 1548 computationes
1387 1455 1557 1526 breviores
1572 1479 1675 1548 quam
1689 1482 1785 1530 com-

259 1609 452 1708 putationes
472 1606 523 1676 ill.
539 1604 743 1674 Damoisean
764 1613 799 1673 et
818 1605 928 1674 Plana
947 1607 1090 1676 evadere
1106 1608 1231 1677 debere
1243 1608 1417 1696 videntur,
1442 1610 1784 1700 qnoniamreversio-

259 1788 318 1834 nes
345 1762 521 1847 seriemm,
555 1780 638 1849 quas
657 1756 837 1827 methodus
863 1756 906 1824 ab
920 1757 973 1826 his
989 1758 1143 1827 adhibita
1155 1761 1285 1852 poscit,
1312 1784 1399 1854 opns
1414 1784 1484 1830 non
1497 1770 1590 1845 sunt3
1616 1764 1785 1833 evolutio·
1915 1787 1918 1792 ·

260 1939 321 1986 nes
342 1935 423 1982 vero
449 1910 638 2002 analyticae
660 1907 761 1976 aliam
786 1909 831 1977 ob
855 1932 989 1978 cansam
1011 1910 1141 2001 aliquid
1165 1912 1284 1980 incerti
1307 1912 1494 1981 involvunt
1543 1913 1614 1999 Qui
1634 1915 1784 1986 calculus

127 2096 130 2110 ·
259 2064 429 2158 postulat,
455 2069 494 2130 ut
513 2061 718 2153 quantitates
739 2058 906 2150 quaedam
930 2082 996 2152 pro
1019 2023 1169 2151 parvulis
1189 2063 1430 2153 quantitatibus
1444 2064 1547 2155 primi
1571 2064 1697 2134 ordinis
1716 2066 1783 2134 ha·

257 2219 417 2299 beantur,
442 2212 626 2282 secundum
640 2235 722 2301 quas
742 2211 951 2281 evolutiones
968 2212 1158 2303 analyticae
1170 2214 1375 2305 procedant,
1410 2213 1471 2283 sed
1486 2237 1590 2304 quum
1602 2216 1647 2285 de
1663 2216 1784 2285 coelii·

258 2367 418 2437 cientium
438 2363 685 2434 numericorum
711 2362 829 2432 ordine
850 2362 1023 2454 analytico
1043 2386 1152 2434 sermo
1177 2388 1247 2434 esse
1268 2372 1432 2454 nequeat,
1469 2365 1544 2433 fieri
1574 2373 1706 2457 potest,
1746 2375 1785 2437 ut

257 2526 403 2612 propter
422 2516 486 2585 hos
510 2515 738 2584 coefficientes
753 2507 880 2605 singuli
900 2514 1193 2605 perturbationum
1207 2515 1341 2582 termini
1355 2515 1392 2582 in
1410 2515 1480 2582 fine
1495 2514 1617 2583 calculi
1631 2517 1783 2587 valorem

255 2670 407 2740 habeant
421 2666 530 2735 multo
547 2666 725 2750 maiorem,
751 2685 852 2751 quam
870 2685 964 2748 enm,
991 2664 1045 2730 cui
1058 2687 1123 2756 pro
1144 2665 1261 2733 ordine
1275 2687 1335 2733 suo
1350 2665 1522 2756 analytico
1540 2652 1784 2738 adnumerandi

257 2822 332 2892 sint
383 2821 517 2889 Revera
541 2817 599 2902 fit,
624 2824 662 2883 ut
681 2823 826 2907 propter
845 2814 1073 2884 coefficientes
1106 2818 1293 2886 numericos
1312 2817 1525 2910 divergcntcs
1548 2819 1585 2886 in
1602 2819 1782 2910 perturba-

253 2974 386 3043 tionum
405 2969 632 3062 complurium
648 2967 919 3059 expressionibus
936 2967 1111 3060 analyticis
1127 2969 1196 3038 dno
1211 2970 1345 3039 termini
1361 2970 1610 3060 conseqmtivi,
1636 2970 1694 3060 qui
1716 2993 1782 3063 pro

255 3123 373 3192 indole
388 3145 448 3190 sna
462 3120 635 3190 ordinibus
653 3119 830 3212 analyticis
848 3119 987 3188 diversis
1003 3120 1246 3189 adnumerandi
1263 3129 1357 3208 sunt,
1384 3123 1530 3191 eundern
1543 3122 1615 3191 iere
1629 3120 1781 3191 valorem

255 3275 463 3344 numericam
480 3271 644 3360 babeant,
669 3273 721 3342 uti
740 3273 777 3341 in
794 3293 900 3363 opere
915 3271 965 3339 ill.
987 3272 1096 3340 Plana
1111 3272 1232 3365 inspici
1247 3281 1371 3365 potest
1420 3274 1464 3343 E.
1480 3295 1515 3366 g.
1533 3271 1781 3342 coefficicntem

255 3427 519 3521 perturbationis
541 3425 764 3518 longitudinis
796 3424 915 3493 Lunae
934 3447 1051 3511 verae,
1093 3425 1184 3494 cuius
1207 3432 1442 3519 argumentum
1468 3423 1598 3515 duplex
1621 3423 1779 3492 distantia

255 3579 410 3675 perigaei
421 3579 574 3648 Lunaea
592 3576 768 3646 nodosius
782 3584 853 3664 est,
878 3576 1007 3646 invenit
1022 3576 1071 3642 ill.
1084 3577 1195 3645 Plana
1211 3598 1253 3637 :

744 3751 933 3910 i³r¹s³i
981 3757 1107 3907 W

256 4037 328 4106 lam
351 4060 456 4130 quum
479 4058 531 4123 m,
556 4059 643 4128 quae
662 4036 698 4104 in
719 4035 786 4105 hac
801 4038 1018 4130 expressione
1033 4037 1198 4106 rationem
1211 4043 1322 4106 motus
1337 4034 1442 4103 medii
1455 4033 1573 4106 Lunae
1588 4037 1633 4106 ad
1648 4040 1776 4103 motum

254 4189 405 4258 medium
427 4190 517 4259 Solis
541 4197 787 4282 repraesentat,
822 4190 858 4258 in
883 4189 950 4258 hac
973 4190 1228 4281 computatione
1247 4211 1314 4283 pro
1335 4189 1522 4279 quantitate
1536 4187 1636 4282 primi
1649 4183 1776 4253 ordinis

256 4338 438 4426 habeatur,
472 4344 567 4434 prior
589 4342 809 4435 expressionis
830 4341 1066 4434 praecedentis
1094 4342 1274 4426 terminos,
1300 4341 1392 4431 quod
1412 4343 1532 4411 attinet
1545 4337 1591 4406 ad
1604 4335 1775 4429 composi-

256 4492 386 4561 tionem
409 4515 503 4560 suam
524 4495 746 4585 analyticam,
768 4493 896 4562 ordinis
919 4493 1026 4580 finiti,-
1059 4501 1093 4563 et
1103 4495 1272 4587 posterior
1292 4495 1417 4564 ordinis
1429 4493 1530 4584 primi
1550 4499 1609 4562 est.
1661 4487 1774 4573 Quum

256 4665 338 4714 vero
352 4645 448 4713 valor
461 4646 649 4716 numericus
663 4649 769 4741 ipsius
785 4669 821 4716 m
834 4648 877 4718 sit
891 4647 1045 4741 proxime
1064 4670 1105 4711 z
1123 4641 1167 4741 ᾗ,
1204 4646 1348 4716 habetur
